2678 4642
371 233 407 282 nr
428 209 618 284 sarmarum
638 235 767 285 annun
789 236 974 288 snouunuu
1156 223 1216 290 103

128 419 195 464 non
222 408 454 486 consequentes
480 399 604 468 librarii
629 425 688 489 pro
716 404 943 483 eonsuetudine
971 402 1014 469 ad
1046 403 1113 469 Sat.
1135 405 1162 489 I,
1183 408 1219 490 2,

130 498 201 564 125.
233 508 342 565 notata
368 501 402 564 in
428 525 461 566 se
487 502 591 567 audire
617 503 888 568 transformanmt.
930 504 983 568 De
1010 503 1116 570 dativo
1142 507 1213 589 auda,

127 599 158 764 gi
178 600 257 763 tla9nti
279 608 335 684 est,
357 599 415 741 cfr.
437 600 543 688 Epod.
566 601 683 687 11,20.
712 602 773 687 XI,
796 604 845 669 18.
868 602 935 668 Sat.
957 603 1002 687 ΙΙ,
1023 604 1053 688 3,
1075 605 1147 671 313.
1168 605 1213 689 Π,

149 748 158 782 ,
223 748 231 764 .

127 832 158 884 V.
175 833 216 885 53.
232 847 290 899 sqq.
558 833 676 885 Scaevae
691 835 810 886 vivacem
827 834 903 885 erede
919 836 1008 900 nepoti

323 915 446 966 Matrem:
463 915 501 966 nil
517 916 595 968 faeiat
612 916 716 968 seeleris
732 919 778 983 pia
795 919 914 982 dextera,
924 919 1040 980 mirum,

325 997 368 1049 Ut
383 1014 469 1064 neque
486 998 556 1050 eulee
572 1000 650 1066 lupus
668 1016 824 1067 quemquam
839 1017 925 1068 neque
941 1002 1018 1052 dente
1034 1001 1099 1067 petit
1114 1001 1174 1065 bos3

322 1080 377 1132 Sed
392 1081 463 1132 mala
479 1082 552 1133 tollet
567 1099 647 1134 anum
662 1085 753 1135 vitiato
771 1083 847 1134 melle
864 1086 957 1136 cicuta.

208 1195 320 1263 Verba
339 1197 530 1263 intermedia
549 1199 675 1282 marum,
704 1212 739 1265 ut
764 1224 859 1287 nequa
887 1200 970 1265 aulea
996 1199 1088 1286 lupus
1112 1221 1212 1284 queru-

124 1321 219 1385 qaam
238 1320 334 1383 neque
356 1296 444 1362 doute
457 1299 541 1383 patet
561 1298 628 1381 boa,
658 1320 741 1385 quae
764 1321 942 1386 oxymoron
963 1301 1125 1364 continent
1143 1297 1212 1363 Ho-

125 1397 207 1462 ratio
229 1395 316 1461 haud
335 1397 532 1481 inusitatum,
560 1398 626 1462 iam
656 1399 699 1463 ad
725 1398 792 1464 Sat.
814 1399 841 1483 I,
862 1399 892 1483 3,
913 1399 965 1464 25.
988 1407 1019 1463 et
1038 1398 1066 1483 Ι,
1088 1398 1137 1481 10,
1160 1397 1210 1462 67.

127 1496 380 1584 explanavimus.
422 1496 585 1580 Bentleius
612 1498 756 1564 substitui
776 1499 877 1563 voluit
903 1500 1030 1581 marum,
1058 1495 1089 1562 ni
1109 1497 1162 1563 vel
1182 1495 1212 1562 sl

125 1621 234 1683 neque,
261 1594 433 1662 Horkelius
460 1599 587 1679 mirum,
618 1595 648 1662 ut
674 1621 783 1685 aeque,
810 1597 992 1663 Meinekius
1017 1595 1150 1663 nimitum
1177 1609 1212 1662 ut

125 1720 237 1782 aeque,
263 1718 399 1782 quarum
429 1696 686 1780 emendationum
716 1706 878 1785 postrema
910 1698 1007 1785 longe
1042 1697 1210 1785 elegantis-

125 1796 206 1860 sima
227 1804 284 1860 est.

124 1929 157 1982 V.
174 1931 215 1981 57.
233 1945 289 1996 sqq.
326 1927 366 1979 Ne
382 1927 491 1995 longum
506 1927 615 1979 faciam:
632 1943 679 1979 seu
695 1945 736 1979 me
752 1929 893 1996 tranquilla
909 1934 1029 1981 senectus

322 2012 476 2076 Exspectat,
494 2026 541 2062 seu
558 2027 626 2062 mors
644 2013 706 2062 atris
724 2014 892 2064 circumvolat
908 2013 971 2075 alis3

321 2095 410 2158 Dives,
426 2096 511 2159 inops,
528 2095 635 2159 Romae,
652 2111 699 2146 seu
715 2096 769 2148 fors
785 2098 824 2147 ita
839 2097 985 2160 iusserit,
1003 2094 1085 2158 exsul,

321 2178 445 2243 Quisquis
462 2179 511 2226 erit
526 2177 605 2242 vitae,
622 2180 741 2243 scribam,
758 2180 837 2232 eolor.

207 2294 270 2359 Pro
290 2292 421 2380 vulgato
442 2294 569 2359 iusserit
588 2295 660 2361 Fea
680 2319 723 2361 ex
748 2296 868 2381 aliquot
887 2294 1081 2360 membranis
1102 2293 1211 2359 luserit

123 2395 256 2481 recepit,
278 2393 363 2480 quod
383 2393 526 2458 nonnulli
547 2417 675 2481 quoque
696 2395 752 2460 alii
766 2397 869 2461 critici
881 2395 1080 2481 adoptarunt.
1117 2392 1209 2458 Orel-

123 2492 184 2558 lius
205 2493 268 2559 hoe
287 2493 422 2559 verbum
442 2503 540 2580 negat
561 2517 634 2560 eam
661 2497 881 2561 auctoritatem
906 2494 1038 2576 habere,
1067 2515 1149 2580 quae
1175 2492 1210 2556 in

122 2603 188 2658 tam
209 2594 304 2680 gravi
323 2594 496 2658 mutatione
517 2595 709 2681 requiratur.
751 2596 916 2682 Exiguum
938 2617 1015 2660 sane
1036 2592 1090 2658 hie
1109 2615 1208 2657 mem-

122 2693 296 2760 branarum
316 2691 440 2780 pondus
469 2702 532 2778 est,
565 2694 623 2760 sed
643 2696 818 2761 maximum
844 2695 943 2782 ipsius
973 2694 1208 2758 enuntiationis.

122 2793 221 2858 Prout
242 2792 363 2858 seilicet
382 2802 478 2880 poeta
498 2802 552 2857 aut
570 2797 697 2860 iusserit
725 2805 778 2860 aut
803 2796 910 2860 luserit
939 2795 1033 2877 dixit,
1062 2793 1209 2858 exsilium

124 2895 155 2958 ei
178 2892 300 2977 aliquid
325 2901 379 2956 aut
407 2893 537 2978 gravius
565 2902 619 2957 aut
644 2894 746 2959 levius
775 2893 954 2960 videbatur.
997 2893 1071 2958 Non
1096 2893 1208 2959 restin-

123 2992 251 3079 guendo
273 2999 378 3055 autem
406 3013 462 3055 suo
489 2991 654 3057 scribendi
679 2995 780 3058 amori
807 3015 859 3057 res
887 3015 997 3058 omnes
1024 2992 1209 3079 postposuit,

122 3114 183 3156 nee
205 3091 439 3155 diversissimas
461 3091 546 3155 vitae
569 3092 768 3157 conditiones
789 3092 884 3158 floeci
909 3093 1105 3176 aestimavit,
1130 3113 1206 3178 qua·

120 3213 157 3256 re
179 3192 275 3255 etiam
295 3189 443 3256 exsilium
462 3212 532 3254 rem
553 3190 643 3256 duxit
663 3192 826 3276 leviorem,
846 3214 908 3257 nee
938 3192 1043 3279 magis
1065 3213 1085 3257 a
1105 3191 1213 3256 domi.

123 3290 197 3356 silio
218 3290 340 3356 urbano
363 3289 507 3354 distinxit
526 3312 622 3377 quam
637 3291 764 3358 divitias
779 3291 820 3357 ab
835 3293 945 3381 inopia
959 3301 991 3357 et
1003 3291 1216 3378 tranquillam.

123 3400 318 3456 senectutem
344 3399 484 3455 amorte
510 3393 693 3458 maturiore.
736 3390 831 3457 Unde
856 3393 993 3459 verbum
1017 3392 1125 3459 lusem't
1151 3412 1207 3478 ge·

122 3491 255 3555 nuinum
276 3511 347 3555 esse
369 3490 483 3555 elucet.

120 3606 153 3659 V.
170 3608 210 3659 60.
228 3622 285 3673 sqq.
761 3607 785 3659 Ο
802 3623 874 3674 puer,
891 3613 921 3660 ut
937 3609 973 3659 sis

317 3689 449 3754 Vitalis,
465 3694 551 3741 metuo
569 3691 737 3742 etmalorum
753 3707 787 3743 ne
804 3692 862 3759 quis
879 3693 978 3744 amicus

317 3772 428 3843 Frigora
443 3776 470 3823 ta
485 3773 570 3824 feriat.

203 3887 448 3954 Facetissimum
472 3888 617 3955 Trebatii
643 3911 831 3977 responsum
858 3890 1045 3976 interpretes
1074 3887 1206 3974 egregie

120 3996 352 4075 perverterunt.
374 3987 501 4053 Puerile
522 3998 571 4054 est
588 3988 725 4055 Aeronis
746 3992 925 4056 inventum:
946 4013 984 4054 ue
1006 3990 1066 4054 aito
1084 4012 1206 4075 pereas,

120 4101 235 4171 metue,
263 4114 336 4154 naua
364 4102 392 4152 te
415 4101 517 4175 potest
543 4091 722 4177 quicumque
753 4093 907 4156 maiorum
937 4113 958 4154 a
989 4102 1017 4154 te
1047 4088 1208 4154 lacessitus
1234 4116 1236 4121 ·

122 4187 271 4255 oceidere.
314 4188 438 4276 Nempe
460 4189 591 4278 sripore
621 4202 650 4255 te
671 4192 779 4278 feriat
809 4189 999 4278 opinabatur
1023 4187 1206 4276 significare
