2678 4642
123 235 165 300 56
552 245 786 303 connumeres

121 416 198 482 veliis
222 439 405 503 servareque
431 418 557 484 amieos.
599 418 630 503 I,
652 421 689 503 2,
711 419 762 483 55.
785 440 833 505 sq.
882 417 922 482 Ut
949 418 1105 503 quondam
1124 418 1213 481 Mar·

122 541 227 599 sosas,
256 530 378 581 ornmor
404 516 543 604 Oriqiu-is
569 520 635 601 ilie,
662 521 719 604 qui
729 519 874 605 putrium
892 519 1004 581 me‘rnoe
1026 517 1121 581 donet
1133 518 1215 602 fun·

122 615 254 701 dumque
272 616 436 702 laremque.
479 617 523 694 H,
545 617 581 701 5,
603 616 652 681 60.
677 616 784 702 (Prop.
806 616 832 699 Ι,
854 618 884 696 2,
905 615 970 700 27.)
994 616 1136 681 debinore
1157 629 1215 680 ete·

121 716 186 778 arbe
212 738 342 801 moyam
370 718 450 781 mebi
472 717 567 781 deaut
587 717 709 801 Apollo.
751 716 855 801 Epist.
876 715 920 798 ΙΙ,
944 717 971 799 l,
993 716 1044 780 39.
1086 716 1146 779 Eat
1166 739 1215 780 ue-

121 826 171 877 tus
185 827 274 899 atque
285 814 551 900 probamentum
571 817 628 900 qui
634 816 764 902 ¹perficit
783 838 889 879 anuos.
916 813 1023 880 Carm.
1034 815 1077 898 II,
1089 815 1119 879 2.
1133 824 1214 879 extr.

120 914 261 998 quisquis
287 915 424 1000 abqeutes
452 915 538 979 oculo
566 916 710 978 inretorto
731 927 849 1000 spectat
869 937 1007 997 aceruos,
1035 914 1057 978 i.
1080 935 1109 978 e.
1131 916 1214 999 quib

122 1013 192 1096 quis
212 1014 350 1099 repentes
371 1036 498 1078 acervos
517 1015 666 1099 spectavit
689 1015 786 1078 cudis
807 1036 840 1078 eo
861 1037 923 1078 noa
943 1015 1068 1077 retortis
1089 1035 1147 1077 seu
1166 1014 1215 1078 ai-

120 1110 168 1175 lat
185 1110 375 1194 desiderans,
396 1119 430 1176 ut
452 1112 520 1176 fere
543 1111 623 1176 dixit
643 1111 791 1176 Socrates
813 1135 864 1198 ap.
888 1111 956 1176 Cic.
979 1111 1074 1176 Tusa.
1096 1113 1137 1195 V,
1160 1112 1212 1176 32.

204 1208 369 1277 Sententia
389 1232 467 1276 vero
488 1212 583 1276 totius
604 1209 668 1274 loci
690 1211 817 1275 omnino
838 1210 920 1275 haec
942 1220 1006 1276 est:
1032 1235 1071 1275 eu
1092 1224 1213 1276 coutro-

120 1308 170 1373 rio
191 1309 380 1392 Laeuinum,
409 1311 596 1375 nobilissimi
613 1309 738 1396 quidem
766 1311 886 1375 Valerii
901 1333 1013 1398 qenes,
1035 1310 1092 1374 sed
1110 1312 1214 1375 miuus

118 1409 259 1493 probum,
281 1432 343 1473 non
363 1433 506 1495 umquam
527 1433 587 1474 uno
608 1432 677 1474 asse
694 1410 798 1494 piures
818 1433 909 1496 quam
920 1411 1036 1494 probos
1049 1411 1134 1474 ve'ros
1147 1409 1213 1474 aul·

121 1507 162 1571 lie
187 1509 358 1572 neaiorebas
385 1508 534 1573 oriundos
558 1509 695 1590 b‘cuisse,
730 1521 853 1573 notante
878 1508 981 1573 iudice
1008 1508 1063 1572 illo
1083 1509 1213 1594 populo,

122 1606 180 1690 qui
190 1628 275 1670 nune
292 1605 407 1694 (suppl.
424 1616 458 1672 ut
471 1608 575 1695 Epist.
587 1607 613 1690 Ι,
633 1606 681 1690 14,
698 1605 764 1690 35.)
780 1608 890 1671 stultus
902 1631 993 1692 saepae
1006 1606 1146 1692 iadr'qais
1160 1607 1215 1671 dot

121 1705 252 1770 bonores
272 1719 301 1770 et
313 1708 425 1794 samoe
445 1708 566 1792 abreptus
586 1708 680 1770 servit
701 1730 739 1770 aa
757 1719 856 1791 stupet
869 1707 904 1770 ia
917 1707 1015 1770 tr'tubis
1029 1719 1057 1769 et
1070 1706 1213 1792 irrequisi-

122 1804 187 1868 bus.
222 1805 359 1870 Laevini
380 1806 501 1871 scilieet
520 1815 615 1871 notae
636 1828 701 1870 non
723 1807 861 1891 optimae
885 1813 983 1888 erant,
1006 1804 1213 1890 quamobrem

122 1924 177 1967 eos
197 1902 349 1970 Messalla
369 1906 403 1969 in
424 1929 482 1970 sua
502 1915 598 1991 gente
618 1905 783 1969 numerari
802 1902 914 1968 noluit.
950 1903 1103 1968 Horatius
1117 1904 1214 1989 igitur

121 2002 288 2088 pristinum
319 2004 428 2091 populi
453 2004 590 2069 Romani
619 2026 742 2068 morem
756 2004 802 2093 ‘in
825 2002 1001 2067 honoribus
1031 2002 1212 2067 deferendis

121 2104 281 2188 praesenti
303 2105 458 2190 opposuit,
480 2103 555 2168 olim
576 2103 704 2189 quidem
728 2103 815 2166 cives
838 2123 910 2167 suos
933 2099 1042 2166 dicens
1061 2101 1212 2166 eandida-

120 2208 225 2264 torum
250 2211 372 2267 tantum
397 2202 589 2289 probitatem
616 2224 720 2288 neque
748 2201 879 2287 generis
908 2201 1108 2265 nobilitatem
1134 2222 1211 2288 pon·

122 2298 267 2384 derasse‚
292 2323 378 2366 nune
399 2310 505 2367 autem
524 2301 663 2366 maiores
684 2301 787 2366 solum
808 2299 869 2364 nec
889 2299 1081 2387 probitatem
1103 2301 1212 2366 candi·

123 2398 268 2464 datorum
288 2401 414 2465 intueri.

122 2563 153 2616 V.
172 2566 211 2618 17.
231 2580 287 2632 sqq.
692 2568 695 2573 ’
863 2565 933 2628 qnid
951 2569 1052 2631 oportet

302 2649 364 2700 Nos
382 2647 468 2700 facere
484 2665 502 2700 a
517 2647 597 2716 vulgo
613 2648 692 2716 longe
709 2648 839 2716 longeque
855 2650 1006 2700 remotos?

303 2732 423 2799 Namque
440 2736 503 2795 esto,
520 2731 633 2798 populus
649 2733 766 2791 Laevino
783 2731 873 2781 mallet
888 2732 1012 2782 honorem

306 2816 392 2877 Quam
408 2815 489 2865 Decio
507 2815 632 2865 mandare
648 2831 718 2866 novo
735 2830 878 2881 censorque
894 2819 1008 2864 moveret

304 2898 414 2963 Appius,
431 2898 545 2964 ingenuo
563 2898 586 2946 si
601 2913 654 2946 non
671 2913 755 2947 essem
771 2891 949 2962 petre'natns:

304 2980 354 3032 Vel
369 2982 468 3044 merito,
486 2980 610 3046 quoniam
625 2980 653 3029 in
669 2981 774 3046 proprie
790 2995 844 3030 non
859 2979 928 3045 pelle
944 2980 1081 3046 quiessem.

207 3094 359 3176 Quaestio
392 3104 507 3183 poetae
540 3095 667 3159 criticos
697 3094 829 3159 multum
861 3094 1002 3159 vexavit.
1050 3093 1212 3158 Bentleius

123 3202 236 3280 suopte
262 3194 392 3280 ingenio
419 3212 472 3260 nos
498 3215 557 3282 pro
583 3218 640 3260 noe
668 3195 794 3258 intrusit
813 3194 909 3279 idque
931 3193 1006 3257 sine¹
1021 3192 1212 3278 ambagibus

124 3292 168 3357 ad
181 3293 355 3379 Augustos,
376 3293 591 3378 Maecenatem,
612 3293 782 3378 Polliones,
803 3292 981 3377 Messallae,
1003 3287 1082 3357 alios
1098 3292 1212 3356 retulit.

122 3391 403 3458 Pernecessariam
431 3415 521 3458 suam
542 3395 757 3461 coniecturam
777 3393 898 3457 idcirco
920 3392 1022 3475 duxit,
1051 3391 1137 3477 qnod
1157 3413 1211 3455 no·

122 3489 173 3556 bis
197 3505 328 3557 remotos
349 3490 392 3557 ad
405 3490 532 3556 Horatii
553 3515 664 3579 genus,
686 3516 764 3575 rem,
786 3491 899 3576 locum,
922 3491 1144 3575 conditionem,
1166 3491 1212 3555 in·

123 3590 270 3676 genium,
297 3591 460 3675 virtutem,
483 3590 658 3657 doctrinam
680 3592 844 3679 applicare
864 3613 928 3655 non
948 3590 1057 3674 liceat,
1079 3589 1212 3676 proinde

123 3691 216 3777 quasi
236 3688 312 3755 illae
336 3712 388 3756 res
410 3712 499 3755 mero
521 3713 563 3755 ex
584 3691 713 3756 arbitrio
734 3700 841 3756 nostro
864 3691 962 3756 adiici
981 3691 1114 3778 possint.
1147 3689 1213 3756 Alii

123 3798 235 3855 contra
254 3813 308 3855 vv·
324 3789 378 3855 dd.
400 3791 488 3879 leupo
508 3791 654 3879 loupeque
673 3804 805 3856 remotos
826 3813 898 3856 esse
917 3789 1026 3855 volunt
1038 3791 1213 3876 teupissrine

48 3884 54 3897 ⁸
123 3888 346 3973 dissentientes,
368 3891 496 3955 nomine
517 3891 675 3955 sententis
695 3900 800 3955 mente
822 3899 986 3976 concepto.
1023 3889 1067 3953 Ut
1079 3889 1141 3954 hoe
1156 3889 1211 3954 ad·

122 3987 308 4054 miniculum
334 3990 470 4074 mittam,
498 3989 584 4076 quod
608 3990 666 4055 vix
689 3991 794 4055 minus
819 3989 1021 4054 refutandum
1048 3999 1096 4054 est
1117 4012 1212 4077 quam

123 4087 345 4176 supplementa
368 4091 430 4155 iste
448 4088 649 4173 Bentleiana,
676 4090 779 4177 ipsam
798 4098 906 4154 tamen
926 4090 1119 4176 quaestionis
1141 4111 1211 4153 sen·

115 4187 254 4254 ‘mutiam
273 4191 451 4276 praeterire
471 4210 536 4255 non
556 4209 695 4278 possum.
727 4190 833 4272 Quam
853 4210 874 4254 e
893 4187 1002 4254 verbis
1016 4187 1211 4275 subsequen·
