2678 4642
131 219 192 287 136
578 233 812 285 conmortuus

128 403 226 489 gissa.
268 401 416 466 Perbene
439 408 548 466 contra
569 399 703 466 blateras
714 402 867 489 furisque
890 400 1117 487 coniugentur,
1139 401 1221 467 sicut

129 502 267 567 blaterans
288 502 426 566 etratus
448 501 627 586 composuit
646 500 752 565 Varro
775 500 861 586 apud
873 499 962 579 Non„
978 500 1005 584 Ι,
1029 501 1099 565 186.
1138 500 1223 579 Quid

129 600 195 665 est?
229 599 314 677 Quid
333 600 487 665 blateras?
522 599 607 677 Quid
625 600 733 664 rabis?
771 599 923 678 Quidvis
944 599 1022 672 etti?
1049 622 1146 686 quem
1174 600 1219 666 lo-

130 722 203 765 cum
224 699 290 764 iam
317 699 494 764 Lambinus
521 698 684 785 allegavit.
726 699 840 785 Neque
866 699 1008 764 furorem
1035 700 1173 766 Horatio
1198 722 1219 766 a

129 798 225 863 Davo
259 799 485 885 exprobratum
510 798 686 882 mirabitur,
719 800 774 884 qui
807 809 881 863 cont
868 799 1007 864 tenderit
1026 798 1221 887 Damasippi

127 897 314 963 horrendam
345 899 462 963 rabiem
493 897 561 963 Sat.
594 898 639 982 ΙΙ,
667 897 697 981 3,
723 897 806 981 323,
837 906 892 962 aut
921 897 1047 986 Lydiae
1077 901 1219 1015 improbo

126 997 311 1063 aracuodror
332 997 461 1063 Hadrau
482 996 589 1062 Oarm.
611 996 673 1081 ΠΙ,
695 996 725 1081 9,
746 998 797 1062 22.
820 1019 867 1083 sq.
968 1068 974 1076 ,

126 1114 158 1167 V.
176 1115 216 1166 63.
234 1129 290 1179 sqq.
882 1111 933 1164 Illa
949 1117 1037 1165 tamen
1054 1128 1084 1164 se

325 1195 387 1246 Non
401 1193 493 1244 habitu
510 1198 651 1244 mutatve
668 1193 738 1245 loco
756 1199 910 1260 peccatve
927 1211 1079 1261 superne,

327 1280 428 1340 Quum
444 1282 470 1326 te
486 1277 605 1327 formidet
622 1277 725 1341 mulier,
743 1294 829 1344 neque
845 1279 934 1328 credat
950 1280 1056 1329 amanti.

210 1393 399 1460 Heindorfio
420 1400 594 1480 praeeunte
618 1391 755 1457 Orellius
776 1416 808 1457 v.
831 1394 881 1457 63.
904 1414 952 1478 sq.
979 1394 1025 1460 ita
1051 1395 1217 1462 enodavit:

127 1493 289 1580 „Moecha
311 1501 397 1557 certe
419 1514 483 1555 non
504 1490 645 1556 habitum
667 1492 875 1557 matronalem
897 1515 968 1557 eum
983 1494 1092 1558 servili
1105 1505 1216 1581 mutat,

128 1615 235 1679 neque
259 1591 393 1656 aedibus
416 1591 594 1656 clanculum
616 1593 691 1675 exit,
713 1601 747 1655 ut
766 1601 797 1655 te
821 1591 906 1656 domi
933 1602 1008 1657 tuae
1036 1598 1217 1682 conveniat,

131 1702 164 1756 et
183 1714 304 1756 morem
326 1690 541 1755 tantummodo
563 1690 621 1755 tibi
643 1693 735 1777 gerit,
757 1691 832 1755 dum
853 1700 886 1755 te
907 1714 972 1756 non
986 1693 1054 1776 init,
1076 1695 1135 1759 sed
1147 1719 1215 1760 mu·

126 1792 222 1857 liebri
241 1792 396 1877 patientia
417 1812 488 1854 sese
517 1791 646 1877 supinat
671 1790 731 1855 tibi
762 1813 900 1876 superne
931 1793 1101 1877 patranti.“
1143 1795 1216 1861 Tali

125 1900 233 1956 tamen
254 1890 349 1955 modo
371 1890 425 1955 vel
445 1890 576 1955 Davum
597 1913 661 1954 non
684 1890 781 1955 credo
802 1890 967 1955 moecham
990 1903 1215 1960 excusaturum

127 1992 237 2055 fuisse.
273 1989 326 2054 An
347 1990 429 2054 haec
451 1999 499 2054 est
521 1991 695 2073 excusatio,
719 1989 805 2074 quod
819 1990 953 2055 moecha
967 1991 1136 2058 moechum
1150 2016 1215 2060 non

125 2092 220 2174 ineat,
251 2099 306 2154 aut
336 2090 422 2175 quod
449 2088 585 2154 moecha
616 2088 811 2172 succumbat,
842 2091 995 2155 moechus
1026 2092 1214 2160 incumbat?

125 2190 266 2254 Ubinam
287 2212 382 2277 porro
411 2213 443 2254 se
469 2190 534 2255 loco
563 2202 683 2254 mutare
715 2188 858 2253 declaret
883 2190 1012 2256 aedibus
1043 2193 1215 2260 clamardum

125 2290 236 2354 eairel
266 2289 388 2354 Verum
409 2289 463 2353 alii
484 2289 566 2353 adeo
580 2303 728 2374 peccatve
749 2312 879 2374 superae
901 2289 943 2353 ad
958 2299 1137 2357 matronam
1150 2315 1215 2360 non

126 2411 182 2453 ore
209 2389 458 2473 morigerantcm
485 2387 731 2473 detorquebant,
760 2410 822 2473 quo
848 2391 1010 2455 excusatio
1038 2393 1214 2459 continetur

125 2512 193 2553 una
216 2489 356 2552 omnium
376 2489 547 2551 teterrima.
574 2486 635 2550 Est
654 2508 733 2551 vero
754 2487 849 2552 valde
872 2487 1054 2573 dilucidum,
1074 2490 1213 2576 Davum,

124 2597 159 2653 ut
179 2589 293 2652 marito
325 2595 488 2650 matronae
516 2587 681 2672 peccantis
712 2586 747 2650 in
778 2596 994 2674 corruptorem
1024 2599 1213 2675 potestatem

125 2689 222 2752 etiam
243 2687 407 2751 iustiorem
429 2708 499 2750 esse
522 2685 753 2750 demonstraret
774 2709 871 2772 quam
898 2689 932 2751 in
960 2699 1141 2776 corruptam
1166 2692 1211 2757 fe·

123 2789 253 2869 minam,
274 2785 367 2872 plura
386 2808 525 2872 negasse
548 2786 590 2851 ab
612 2784 674 2850 bac
696 2788 856 2871 committi,
878 2809 960 2872 quae
981 2787 1024 2852 ad
1044 2788 1211 2857 libidinem

124 2909 216 2952 suam
238 2885 430 2972 explendam
451 2886 575 2951 adulter
597 2886 778 2951 committat.
823 2886 932 2967 Quare
959 2888 1060 2954 verba
1085 2891 1142 2956 ella
1167 2904 1211 2957 tu»

123 3011 192 3051 meu
213 3009 245 3050 se
266 3010 327 3050 nou
348 2987 455 3051 babitu
475 3000 608 3051 mutatae
633 2987 699 3050 loco
715 2999 862 3072 peccatve
882 3010 1013 3072 superne
1037 2991 1207 3077 perspicue

123 3087 270 3172 opposita
291 3094 363 3149 sunt
384 3085 601 3172 superioribus
622 3109 715 3169 quum
731 3087 881 3170 proiectis
901 3089 1089 3174 e'nsr'pur'bus,
1118 3089 1209 3155 anulo

122 3187 259 3270 equestri
274 3185 475 3270 Romanoque
495 3187 611 3266 babitu,
631 3185 749 3270 prodais
775 3209 814 3249 ea
839 3185 943 3249 abdiae
967 3187 1073 3252 Dama
1098 3190 1208 3275 turpia,

122 3285 286 3349 odoratum
314 3298 408 3369 eaput
437 3286 617 3349 obscurante
645 3285 779 3348 lacerno.
825 3283 1103 3365 Quemadmodum
1130 3310 1208 3374 ergo

122 3383 249 3448 moechi
279 3381 404 3447 habitus
436 3393 571 3447 mutatus
604 3393 636 3447 et
665 3383 820 3448 moechae
850 3405 916 3447 non
946 3394 1083 3451 mutatus
1106 3387 1207 3453 dictus

123 3492 179 3567 est,
200 3485 246 3547 ita
266 3492 385 3546 mutato
401 3504 525 3568 quoque
540 3482 667 3548 moechi
687 3483 757 3547 loco
782 3483 815 3567 (i.
833 3505 861 3547 e.
885 3484 1001 3566 ordriu')
1017 3484 1106 3550 locus
1120 3508 1205 3551 moe-

123 3581 204 3647 chae
224 3603 288 3645 non
308 3591 446 3646 mutatus
468 3605 507 3646 ac
529 3583 633 3647 velato
655 3582 781 3648 moechi
811 3584 907 3668 capiti
934 3593 1029 3670 eaput
1054 3584 1207 3650 moechae

122 3704 186 3746 non
214 3681 354 3746 velatum
390 3683 601 3766 contraposita
633 3692 713 3746 sunt.
756 3681 800 3746 At
831 3682 914 3747 benc
943 3683 1072 3769 quidem
1093 3684 1207 3771 prodis

121 3806 161 3846 ea
181 3782 284 3846 iudice
303 3781 407 3845 Dama
428 3783 528 3865 turpis
550 3791 580 3844 et
601 3806 633 3845 se
653 3806 714 3846 ooo
734 3794 832 3845 mutat
852 3783 917 3847 loco
944 3783 1006 3847 sibi
1032 3783 1203 3849 adversan-

120 3890 181 3965 tur,
203 3903 295 3945 secus
317 3902 393 3945 vero
417 3880 580 3945 odoratum
608 3894 700 3966 caput
728 3882 909 3946 obscurante
936 3882 1062 3947 lacerna
1089 3894 1121 3948 et
1146 3907 1206 3948 uon

116 3994 228 4066 peccat
259 4005 397 4066 erperae.
442 3979 509 4044 Sed
539 3979 674 4044 verbum
695 3994 818 4065 peceat,
850 3981 946 4046 modo
979 3981 1020 4046 de
1052 3983 1205 4048 adulterio

120 4089 315 4166 usurpatum,
336 4081 377 4144 ab
393 4079 527 4145 Horatio
548 4080 615 4143 iam
636 4080 785 4144 iteratum
802 4090 897 4166 atque
920 4081 1017 4146 etiam
1038 4082 1078 4147 de
1101 4083 1205 4168 eapite

120 4178 227 4245 velato
260 4179 438 4247 adhibitum
477 4201 548 4245 esse
579 4178 672 4245 nobis
702 4179 832 4244 minime
863 4181 1037 4246 verisimile
1068 4181 1203 4248 videtur.
