2678 4642
395 212 430 259 ru
452 210 644 262 surmauuu
664 214 792 263 uranum
812 214 945 263 rmuuu
1151 191 1153 194 ’
1173 200 1215 266 23

123 384 266 441 notatam
288 375 446 464 aretalogi
460 376 601 466 Crispini
621 377 844 464 loquacitatem
864 379 899 444 in
919 401 1046 467 quoque
1066 402 1216 448 sermono,

124 486 267 541 extremo
294 478 461 543 commode
488 477 593 543 locum
619 477 800 545 habituram
828 479 937 545 fuisse.
978 480 1093 566 Longe
1120 482 1215 547 etiam

121 575 332 662 simpliciores
353 585 427 642 sunt
452 579 554 642 exitus
579 575 646 644 Sat.
667 579 694 662 Ι,
718 579 768 643 10.
800 577 826 642 Ι
833 603 918 664 puer
938 591 1029 664 atque
1049 603 1114 644 meo
1136 583 1215 645 citas

120 677 197 741 loeo
217 677 374 741 subscribe
393 677 493 742 labello
516 686 548 741 et
573 675 640 743 Sat.
661 677 706 762 Π,
726 677 757 743 5.
780 675 845 742 sed
863 701 911 742 me
931 679 1099 764 sinperiosa
1119 681 1216 746 erata

120 775 332 862 Proserpina:
352 779 419 840 aba
439 777 573 862 valeque.
713 802 715 807 ⁴

204 875 268 938 Pro
289 874 373 961 lippi
389 874 554 940 Bentleius
576 897 633 940 suo
654 874 757 941 Marte
777 875 897 963 ippum
916 876 1055 960 invexit,
1078 877 1164 963 quod
1184 878 1216 944 ei

120 973 313 1060 impudentis
333 973 470 1039 hominis
493 982 526 1039 et
546 974 650 1039 stolidi
672 996 742 1040 esso
763 975 943 1059 videbatur,
969 977 1033 1040 imo
1055 979 1215 1043 communi

121 1073 217 1161 plane
238 1095 334 1138 sensu
356 1075 509 1157 carentis,
538 1073 720 1160 Crispinum
746 1074 787 1141 ob
809 1074 1031 1163 lippitudinem
1056 1074 1214 1161 deridere,

122 1196 221 1260 quum
245 1174 315 1260 ipse
343 1171 459 1238 eodem
485 1171 648 1238 oculorum
674 1173 751 1238 vitio
773 1172 945 1240 laboraret.
988 1175 1109 1241 Verum
1130 1175 1216 1262 quod

123 1272 269 1338 Bentleio
290 1294 356 1336 non
376 1272 422 1337 ita
442 1294 516 1337 raro
532 1272 659 1357 accidit,
676 1293 772 1359 quam
793 1276 933 1340 maxime
949 1276 1141 1341 contrarium
1156 1297 1215 1343 nos

122 1372 231 1438 docuit
253 1370 297 1437 ad
322 1371 390 1436 Sat.
411 1371 439 1455 Ι,
458 1372 486 1456 l,
497 1372 528 1436 3.
554 1373 748 1438 mentionem
768 1372 929 1460 lipporum
946 1374 1075 1448 ,urbane
1095 1370 1232 1442 factam

122 1472 353 1538 demonstrans.
377 1463 497 1536 Contra
511 1469 716 1537 Heindorlius
732 1471 795 1537 hoc
812 1472 883 1538 loco
895 1474 1067 1560 lippitueri
1086 1473 1214 1558 studuit,

121 1571 182 1637 sed
202 1569 246 1636 ad
269 1569 337 1635 Sat.
359 1569 436 1654 1,2‚
458 1571 509 1636 91.
533 1570 591 1635 ait:
633 1571 731 1655 „Der
751 1570 843 1659 Spott
862 1595 978 1658 wegen
999 1574 1058 1639 der
1081 1573 1213 1659 Augen-

122 1671 290 1736 schwitche
312 1679 398 1734 wire
420 1669 477 1734 des
495 1668 646 1735 Dichters
668 1671 866 1758 unwtirdig.“
896 1672 1088 1739 Bentleiana
1108 1682 1215 1739 tamen

120 1771 217 1837 lectio
239 1793 259 1835 a
278 1770 421 1856 Reisigio
444 1769 587 1836 Coniect.
613 1771 647 1835 in
666 1770 829 1858 Aristoph.
856 1794 888 1857 p.
911 1770 982 1836 314.
1011 1793 1059 1857 sq.
1081 1772 1216 1838 defensa

123 1880 181 1936 est.
214 1869 246 1934 Is
268 1868 399 1957 quidem
418 1869 598 1952 Horatium,
621 1870 649 1933 si
668 1870 773 1934 minus
794 1868 975 1954 inhumane,
998 1879 1084 1935 certe
1108 1872 1214 1936 ieiune

122 1993 164 2037 ac
186 1970 255 2035 sinc
276 1969 340 2034 ullo
361 1969 470 2056 lepore
489 1967 637 2055 Crispino
659 1969 693 2033 in
713 1968 775 2034 hoc
795 1968 864 2034 loco
886 1969 1032 2034 morbum
1053 1969 1215 2036 oculorum

123 2069 283 2135 obiecisse
308 2069 496 2152 arbitratus,
523 2069 551 2133 si
575 2068 671 2133 modo
693 2067 829 2134 dixisset
855 2069 943 2156 lippi,
971 2052 1075 2134 ve'rba
1096 2070 1216 2135 sarabia

120 2169 241 2256 ippum
263 2169 443 2256 eornpilasse
471 2167 654 2256 explicabat
673 2170 793 2234 sarabia
812 2170 891 2234 mab
912 2169 1107 2255 compilasse,
1134 2169 1216 2235 siout

122 2269 191 2334 Sat.
212 2268 240 2353 I,
261 2269 291 2351 3,
312 2269 363 2334 25.
385 2268 504 2355 lippum
517 2267 684 2355 pervidere
705 2268 746 2332 sit
765 2269 844 2333 mole
859 2268 1035 2355 pervidere.
1077 2268 1215 2356 Lippum
1303 2318 1311 2331 .

122 2369 211 2433 euim
230 2366 349 2433 malum
370 2367 472 2432 funem
499 2367 614 2454 putari.
656 2368 701 2432 At
721 2368 749 2432 si
769 2366 849 2454 lippi
873 2389 1111 2454 nonnumquam
1138 2367 1215 2434 mali

122 2468 212 2534 fures
238 2476 324 2551 sunt,
352 2466 428 2532 inde
455 2468 599 2553 profecto
627 2466 768 2532 nondum
796 2467 944 2550 efficium,
964 2465 1092 2554 ,lippum
1119 2469 1215 2532 etiam

122 2567 307 2654 significare
338 2567 453 2631 endam
471 2569 583 2654 farem
607 2576 663 2633 aut
687 2567 769 2632 adeo
797 2567 884 2632 mab.
932 2565 1003 2631 Nec
1030 2565 1093 2632 ullo
1118 2567 1214 2657 modo

122 2675 267 2755 apparet,
290 2688 347 2731 cur
366 2666 465 2752 ipsius
481 2665 620 2754 Crispini
642 2688 745 2754 neque
762 2665 880 2752 Lucilii
900 2675 955 2730 aut
975 2665 1055 2731 alius
1077 2668 1215 2732 auctoris

120 2767 244 2833 scrinia
263 2775 440 2831 memorata
460 2767 530 2849 sint,
552 2766 580 2831 si
596 2765 760 2853 Crispinus
776 2765 913 2852 epitheto
929 2765 1113 2831 destituitur.
1140 2766 1216 2857 Huc

121 2866 264 2950 accedit,
291 2864 376 2951 quod
404 2864 445 2930 de
470 2865 655 2952 garrulitate
680 2887 743 2930 nec
763 2865 930 2930 fimacitate
950 2865 1079 2930 Horatii
1099 2866 1215 2952 agitur,

121 2987 261 3052 namquo
276 2964 378 3030 verba
397 2989 435 3030 aa
451 2989 498 3030 me
516 2964 660 3051 Crisprbi
676 2966 795 3030 serebia
815 2965 898 3051 lippi
916 2965 1096 3051 compilasse
1112 2978 1214 3052 putes,
1303 3023 1306 3026 ,

121 3067 249 3132 cabum
271 3087 333 3128 aon
352 3064 487 3151 amplias
507 3063 624 3129 eddom
643 3064 771 3128 nonnisi
797 3063 992 3129 antecedens
1019 3065 1214 3130 enuntiatum

121 3150 189 3232 iam
220 3165 299 3229 sotis
330 3176 375 3228 est
405 3162 540 3251 amplius
571 3171 813 3251 persequuntur.
867 3163 1028 3245 Quocirca
1058 3164 1215 3251 quispiam

122 3264 282 3352 suspicari
301 3264 415 3349 possit,
441 3285 506 3328 non
526 3263 620 3350 lippi,
649 3262 708 3327 sed
727 3263 833 3350 iireprti,
858 3270 892 3326 ut
912 3261 1077 3350 Crispinus
1099 3263 1165 3328 Sat.
1187 3263 1214 3348 Ι,

122 3365 153 3448 3,
177 3364 247 3428 138.
269 3371 467 3450 nuncupatus
494 3370 556 3446 est,
582 3361 625 3428 ab
650 3361 785 3428 Horatio
807 3371 974 3427 exaratum
995 3384 1096 3449 eoque
1117 3383 1213 3428 voca·

122 3463 199 3531 bulo
221 3461 384 3550 garmlum
405 3461 607 3549 designatum
628 3484 709 3528 esse.
750 3462 911 3547 Equidem
936 3470 1044 3526 tamen
1063 3461 1143 3528 nibil
1162 3483 1212 3527 rc·

122 3564 259 3650 fingam,
287 3563 363 3648 quia
383 3561 487 3649 lippus
511 3560 573 3626 hoc
593 3560 664 3626 loco
683 3560 818 3649 perinde
839 3560 1003 3649 garrulum
1027 3561 1148 3627 indicat
1168 3568 1213 3626 at·

124 3685 186 3749 que
209 3660 275 3727 Sat.
297 3660 324 3745 I,
346 3661 375 3745 l,
396 3662 426 3726 3.
453 3662 592 3725 mnibus
612 3674 640 3726 et
660 3661 757 3749 lippis
775 3675 880 3727 notam
900 3674 929 3726 et
949 3663 1131 3744 tonsoribus,
1157 3659 1215 3726 ubi

123 3762 254 3848 quidem
274 3761 461 3846 interpretes
483 3759 580 3847 longe
601 3759 666 3826 alia
679 3762 847 3825 commenti
861 3769 942 3825 sunt.
977 3760 1102 3848 Nempe
1116 3782 1214 3847 quum

124 3876 264 3927 torasores
283 3882 342 3947 pro
363 3861 523 3938 tonstrinis
544 3860 645 3925 dictos
666 3868 822 3946 putarent,
848 3860 1045 3925 medicarum
1065 3860 1213 3926 taberna·

123 3984 194 4027 rum
221 3961 424 4049 mentionem
441 3959 608 4047 aequalem
636 3960 853 4026 desiderantes
874 3982 938 4024 non
958 3959 1090 4024 multum
1109 3957 1212 4024 haesi·

125 4061 247 4145 tabant,
267 4060 352 4125 unde
366 4058 425 4124 has
447 4081 574 4146 quoque
594 4069 811 4147 procrearent.
843 4058 957 4124 Statim
977 4059 1066 4146 ti‘ppi,
1090 4067 1125 4122 ut
1144 4057 1212 4145 plu·

124 4162 240 4227 rimum
266 4159 308 4227 ad
334 4159 512 4226 medicinas
539 4159 748 4245 confluentes,
771 4183 832 4248 pro
853 4160 989 4226 tabernis
1008 4157 1138 4224 medicei
1157 4178 1214 4246 po-
