2678 4642
294 251 330 297 m
352 249 543 299 sarmarum
563 248 694 297 nuruum
715 245 901 296 sncuunuu
1083 230 1142 296 137

54 417 216 498 Quocirca
228 431 378 503 peccatve
399 415 440 481 ab
459 414 685 502 interpolatore
706 421 827 478 tantum
845 421 1049 500 procreatum
1070 434 1143 478 een·

51 539 118 601 seo,
142 517 197 603 qui
218 517 409 602 genuinum,
439 516 473 580 ni
494 514 595 599 fallor,
619 513 744 579 mutatur
764 537 895 600 superae
914 523 1047 601 propter
1068 536 1144 579 ana·

52 616 188 704 phoram
208 604 329 681 inseite
344 623 576 703 aspernaretur.

136 714 256 780 Similis
278 715 369 781 labes
390 713 479 780 illata
506 723 553 779 est
581 712 687 778 Oarm.
710 712 736 795 I,
759 710 809 796 35,
831 712 893 796 22,
922 711 978 777 ubi
1003 735 1063 800 pro
1088 737 1145 778 aec

54 818 194 880 comitem
216 817 357 902 obrepet,
379 813 465 900 quod
485 836 548 879 neo
570 836 642 879 cum
663 810 764 878 verbo
787 812 860 876 eolt't
874 812 1014 877 concinit
1027 821 1058 877 et
1073 835 1146 878 cum

54 937 125 1001 sqq.
148 927 308 1000 atcumque
329 927 448 979 metato
464 926 606 999 potentes
633 926 713 978 veste
741 911 847 977 domos
874 912 1004 976 ricimiro
1031 912 1147 1000 limpore

53 1015 243 1079 sententiam
275 1013 382 1078 reddit
412 1013 507 1099 plane
538 1035 741 1100 perversam,
772 1008 868 1076 modo
902 1011 1147 1078 rescribendum

54 1114 182 1179 videtur
202 1111 368 1178 neruosae
388 1114 529 1201 obrepat.

138 1212 414 1279 Ceterum-'verba
435 1213 491 1278 etta
512 1226 614 1277 tumea
635 1255 718 1266 --
738 1235 870 1298 superae
892 1211 1049 1299 apodesin
1072 1233 1145 1276 con-

53 1313 157 1377 tinent
178 1321 210 1376 et
230 1337 331 1399 qaam,
355 1323 389 1377 ut
410 1314 475 1377 iam
497 1310 612 1377 vocula
627 1324 726 1376 tamea
744 1311 912 1392 indicatur,
934 1310 1022 1375 valet
1041 1336 1147 1396 qaam·

15 1465 17 1469 ,
53 1413 120 1494 vie,
150 1411 190 1476 de
218 1433 283 1498 qua
310 1412 545 1498 significatione
567 1409 617 1475 'ad
638 1408 707 1474 Sat.
728 1410 755 1493 I,
778 1411 807 1495 8,
831 1410 880 1474 17.
904 1409 1146 1496 disputavimus.

57 1511 234 1597 Perpetem
266 1510 375 1598 itaque
414 1510 553 1576 Orellius
585 1532 714 1576 versum
745 1509 796 1575 65.
831 1533 904 1574 cum
942 1510 1148 1595 sequentibus

54 1611 251 1696 coniugavit.

55 1709 87 1761 V.
105 1712 146 1762 68.
164 1725 219 1775 eqq.
259 1709 365 1760 Evertit
383 1711 469 1773 credo,
486 1715 608 1760 metues
626 1709 808 1774 doctusque
825 1708 974 1771 cavebin;

255 1794 381 1857 Quaeres,
399 1793 503 1860 quando
521 1794 615 1843 iterum
631 1807 729 1857 paveas
746 1792 890 1857 iterumque
907 1793 990 1857 perire

254 1875 344 1926 Possis
361 1911 444 1919 --

140 1955 181 2020 In
200 1955 344 2044 pluribus
358 1957 453 2022 MSS·
477 1971 611 2022 metuens
633 1965 745 2041 exstat,
767 1952 854 2045 quod
875 1980 917 2022 ex
935 1958 1149 2044 subsequente

58 2054 226 2142 doctaeque
248 2056 416 2122 oriundum
437 2058 508 2121 Fea
527 2056 613 2121 male
638 2057 776 2142 recepit,
804 2058 998 2122 contendens
1027 2060 1055 2121 is
1081 2058 1149 2143 qui·

58 2154 134 2220 dem
154 2179 186 2223 v.
202 2156 253 2221 56.
277 2171 412 2250 meroen(
426 2157 586 2222 reduceris
608 2165 639 2221 et
658 2178 837 2243 provocans
853 2157 895 2221 ad
911 2181 943 2222 v.
959 2158 1009 2221 69.
1025 2157 1151 2242 quaudo

56 2256 170 2320 iterum
196 2279 330 2342 paneae,
358 2256 443 2342 quod
468 2255 570 2321 verbo
596 2270 710 2321 metues
735 2263 921 2342 antegresso
942 2255 1053 2322 inutile
1080 2257 1150 2322 fore

56 2352 229 2419 iudicabat.
273 2355 346 2421 Non
373 2366 562 2443 assequutus
590 2366 639 2420 est
665 2356 752 2419 Davi
779 2356 958 2421 orationem
984 2357 1149 2422 ironicam.

57 2452 183 2539 Nempe
206 2453 306 2538 eredo,
329 2469 444 2520 metues
461 2456 648 2542 ‘doctusque'
668 2456 789 2519 cavebis
817 2457 945 2520 omnino
973 2455 1062 2522 valet
1090 2480 1152 2522 nort

58 2550 165 2634 eredo,
194 2566 309 2618 metues
336 2554 502 2642 doctaeque
528 2555 664 2637 cavebis,
694 2553 794 2619 veluti
820 2554 888 2633 sat,
910 2555 954 2639 H,
976 2556 1006 2639 3,
1028 2557 1079 2621 88.
1102 2579 1152 2643 sq.

62 2650 173 2734 Orode,
193 2653 251 2717 doe
272 2653 401 2720 Staberi
418 2656 604 2742 prudentem
624 2656 762 2719 antinum
782 2654 907 2720 vidisse.
950 2655 1045 2721 Adde
1074 2656 1150 2720 Ter.

58 2749 143 2815 Eun.
165 2751 192 2835 I,
214 2752 244 2836 2,
268 2754 317 2818 18.
362 2753 422 2819 Oui
442 2755 607 2841 negationi
630 2755 747 2818 omissa
768 2754 926 2839 particula
946 2755 1152 2821 adversativa

57 2851 204 2936 graviter
225 2862 426 2937 opponuntur
447 2877 590 2939 quaeres,
613 2852 737 2938 quando
758 2854 871 2918 iterum
883 2877 1007 2940 paveas
1027 2858 1152 2920 iterum·

57 2973 116 3038 que
129 2951 240 3036 pert‘re
257 2952 372 3037 poeste,
396 2951 437 3016 de
459 2974 521 3039 quo
542 2951 693 3037 loquendi
714 2973 835 3037 genere
857 2953 900 3016 ad
922 2952 989 3018 Sat.
1011 2953 1039 3038 I,
1053 2955 1083 3037 4,
1098 2955 1151 3020 46.

60 3050 277 3136 exposuimus.
312 3050 418 3114 Minus
439 3061 528 3116 recte
549 3049 648 3138 igitur
668 3061 742 3138 post
763 3053 885 3116 cavebis
906 3062 938 3117 et
952 3054 1024 3118 Fea
1044 3065 1078 3118 et
1099 3055 1153 3120 alii

57 3158 211 3236 punctum
239 3148 443 3216 collocarimt.
488 3151 640 3217 Ceterum
670 3172 785 3215 vocem
812 3150 934 3235 doctae,
962 3153 1048 3239 quod
1074 3176 1152 3219 non-

61 3246 136 3312 dum
156 3248 276 3314 factum
298 3249 404 3334 video,
426 3272 491 3316 non
512 3252 615 3316 minus
639 3273 711 3316 cum
725 3250 826 3316 verbo
841 3265 955 3317 metues
969 3275 1066 3338 quam
1080 3277 1153 3319 cum

60 3348 184 3413 cavebis
205 3350 392 3436 coniungas,
415 3372 479 3438 qua
502 3349 617 3416 eadem
637 3351 760 3416 ratione
790 3350 877 3416 diota
904 3361 975 3416 sunt
996 3351 1104 3418 Oarm.
1127 3355 1154 3438 I,

61 3445 92 3530 5,
112 3447 144 3512 5.
167 3470 214 3535 sq.
232 3449 332 3536 fldem
353 3464 545 3538 mutatosque
566 3450 640 3516 deos
651 3449 753 3536 flebit.
775 3449 837 3534 HI,
859 3451 889 3535 5,
912 3452 941 3516 7.
957 3454 1043 3538 prod
1065 3456 1155 3522 certa

36 3546 235 3633 ‘cavamque
255 3551 376 3615 mores!
400 3549 504 3637 Epist.
525 3550 552 3633 I,
575 3554 603 3634 1,
629 3549 676 3613 17.
699 3562 802 3614 enetos
821 3551 1003 3638 rapidusque
1023 3552 1154 3625 cotellee'.

61 3644 89 3728 I,
113 3645 162 3729 17,
184 3646 234 3712 57.
263 3649 349 3714 aelle
360 3649 448 3737 fides
469 3650 594 3715 damnis
614 3650 754 3734 vernisque
776 3648 944 3716 doloribus.

39 3799 42 3808 ,
60 3743 92 3795 V.
112 3746 167 3797 111.
185 3761 241 3814 sqq.
699 3747 782 3812 Adde,
800 3750 871 3814 quod
888 3750 957 3800 idem

259 3830 319 3880 Non
335 3830 427 3881 horam
443 3837 529 3883 tecum
547 3848 604 3883 esse
620 3836 703 3898 potes,
720 3848 774 3882 non
791 3834 845 3883 otia
861 3837 931 3883 recte

258 3913 368 3977 Ponere,
385 3918 462 3980 teque
478 3915 564 3980 ipsum
580 3916 649 3965 vitas
666 3916 792 3983 fugitivus
810 3920 840 3966 et
857 3931 942 3978 erro,

258 3995 315 4047 Iam
331 3996 394 4047 vino
412 4013 548 4063 quaerens,
565 3999 618 4049 iarn
635 4013 725 4048 somno
742 3997 834 4048 fellere
851 4014 948 4050 euram.

144 4091 321 4180 Vulgetum
348 4109 376 4160 et
401 4119 471 4160 erro
499 4095 674 4183 pleraeque
705 4097 929 4181 membranae,
963 4106 1091 4164 ceterae
1123 4113 1157 4166 at

62 4215 132 4257 erro
154 4192 207 4258 vel
229 4207 257 4259 et
278 4218 367 4260 errae
395 4203 545 4261 tutantur.
589 4194 625 4260 Si
640 4198 800 4284 sapiteitue
826 4205 875 4262 est
900 4197 1057 4282 desertor,
1085 4221 1156 4265 erro
