<?xml version="1.0" encoding="UTF-8"?>
<!DOCTYPE html PUBLIC "-//W3C//DTD XHTML 1.0 Transitional//EN"
    "http://www.w3.org/TR/xhtml1/DTD/xhtml1-transitional.dtd">
<html xmlns="http://www.w3.org/1999/xhtml" xml:lang="en" lang="en">
 <head>
  <title>
</title>
<meta http-equiv="Content-Type" content="text/html;charset=utf-8" />
  <meta name='ocr-system' content='tesseract 3.04.00' />
  <meta name='ocr-capabilities' content='ocr_page ocr_carea ocr_par ocr_line ocrx_word'/>
</head>
<body>
  <div class='ocr_page' id='page_1' title='image "./coniectaneainqh00apitgoog_0083.png"; bbox 0 0 2678 4642; ppageno 0'>
   <div class='ocr_carea' id='block_1_1' title="bbox 149 211 809 277">
    <p class='ocr_par' dir='ltr' id='par_1_1' title="bbox 149 211 809 277">
     <span class='ocr_line' id='line_1_1' title="bbox 149 211 809 277; baseline -0.003 0"><span class='ocrx_word' id='word_1_1' title='bbox 149 211 191 277; x_wconf 72' lang='lat' dir='ltr'>to</span> <span class='ocrx_word' id='word_1_2' title='bbox 576 225 809 276; x_wconf 69' lang='lat' dir='ltr'>connumeras</span> 
     </span>
    </p>
   </div>
   <div class='ocr_carea' id='block_1_2' title="bbox 149 391 1085 528">
    <p class='ocr_par' dir='ltr' id='par_1_2' title="bbox 149 391 1085 528">
     <span class='ocr_line' id='line_1_2' title="bbox 149 391 1085 459; baseline -0.001 -14"><span class='ocrx_word' id='word_1_3' title='bbox 149 393 181 445; x_wconf 83' lang='lat' dir='ltr'>V.</span> <span class='ocrx_word' id='word_1_4' title='bbox 198 394 238 446; x_wconf 79' lang='grc'>44.</span> <span class='ocrx_word' id='word_1_5' title='bbox 255 408 294 459; x_wconf 89' lang='lat' dir='ltr'>sq.</span> <span class='ocrx_word' id='word_1_6' title='bbox 692 405 693 409; x_wconf 49' lang='lat'>¹</span> <span class='ocrx_word' id='word_1_7' title='bbox 740 398 767 444; x_wconf 85' lang='lat' dir='ltr'>et</span> <span class='ocrx_word' id='word_1_8' title='bbox 781 398 811 444; x_wconf 88' lang='lat' dir='ltr'>ut</span> <span class='ocrx_word' id='word_1_9' title='bbox 827 409 881 445; x_wconf 91' lang='lat' dir='ltr'>non</span> <span class='ocrx_word' id='word_1_10' title='bbox 896 394 970 445; x_wconf 86' lang='lat' dir='ltr'>testis</span> <span class='ocrx_word' id='word_1_11' title='bbox 986 391 1085 444; x_wconf 87' lang='lat' dir='ltr'>inultus</span> 
     </span>
     <span class='ocr_line' id='line_1_3' title="bbox 345 474 1028 528; baseline 0.001 -2"><span class='ocrx_word' id='word_1_12' title='bbox 345 474 530 526; x_wconf 87' lang='lat' dir='ltr'>Horruerim</span> <span class='ocrx_word' id='word_1_13' title='bbox 545 491 624 527; x_wconf 88' lang='lat' dir='ltr'>voees</span> <span class='ocrx_word' id='word_1_14' title='bbox 640 476 765 527; x_wconf 81' lang='lat' dir='ltr'>furiarum</span> <span class='ocrx_word' id='word_1_15' title='bbox 782 483 807 527; x_wconf 91' lang='lat' dir='ltr'>et</span> <span class='ocrx_word' id='word_1_16' title='bbox 823 477 894 528; x_wconf 81' lang='lat' dir='ltr'>facta</span> <span class='ocrx_word' id='word_1_17' title='bbox 911 478 1028 528; x_wconf 86' lang='lat' dir='ltr'>duarum.</span> 
     </span>
    </p>
   </div>
   <div class='ocr_carea' id='block_1_3' title="bbox 140 589 1234 1772">
    <p class='ocr_par' dir='ltr' id='par_1_3' title="bbox 140 589 1234 1772">
     <span class='ocr_line' id='line_1_4' title="bbox 231 589 1233 681; baseline 0 -26"><span class='ocrx_word' id='word_1_18' title='bbox 231 591 302 656; x_wconf 84' lang='lat' dir='ltr'>Fea</span> <span class='ocrx_word' id='word_1_19' title='bbox 328 614 370 656; x_wconf 88' lang='lat' dir='ltr'>ex</span> <span class='ocrx_word' id='word_1_20' title='bbox 389 612 452 656; x_wconf 90' lang='lat' dir='ltr'>uno</span> <span class='ocrx_word' id='word_1_21' title='bbox 472 589 534 656; x_wconf 91' lang='lat' dir='ltr'>Lb.</span> <span class='ocrx_word' id='word_1_22' title='bbox 556 589 626 655; x_wconf 84' lang='lat' dir='ltr'>MS.</span> <span class='ocrx_word' id='word_1_23' title='bbox 649 592 801 657; x_wconf 78' lang='lat' dir='ltr'>obrueraia</span> <span class='ocrx_word' id='word_1_24' title='bbox 821 593 952 681; x_wconf 90' lang='lat' dir='ltr'>recepit.</span> <span class='ocrx_word' id='word_1_25' title='bbox 994 591 1163 678; x_wconf 83' lang='lat' dir='ltr'>,‚Priapus,</span> <span class='ocrx_word' id='word_1_26' title='bbox 1185 591 1233 655; x_wconf 89' lang='lat' dir='ltr'>in-</span> 
     </span>
     <span class='ocr_line' id='line_1_5' title="bbox 150 689 1233 776; baseline 0 -22"><span class='ocrx_word' id='word_1_27' title='bbox 150 689 226 776; x_wconf 87' lang='lat' dir='ltr'>quit,</span> <span class='ocrx_word' id='word_1_28' title='bbox 248 690 288 755; x_wconf 88' lang='lat' dir='ltr'>de</span> <span class='ocrx_word' id='word_1_29' title='bbox 309 690 461 755; x_wconf 86' lang='lat' dir='ltr'>maleficis</span> <span class='ocrx_word' id='word_1_30' title='bbox 482 690 544 755; x_wconf 91' lang='lat' dir='ltr'>illis</span> <span class='ocrx_word' id='word_1_31' title='bbox 565 690 741 755; x_wconf 89' lang='lat' dir='ltr'>vindictam</span> <span class='ocrx_word' id='word_1_32' title='bbox 760 714 897 776; x_wconf 89' lang='lat' dir='ltr'>sumens,</span> <span class='ocrx_word' id='word_1_33' title='bbox 918 700 952 757; x_wconf 86' lang='lat' dir='ltr'>ut</span> <span class='ocrx_word' id='word_1_34' title='bbox 970 692 1057 755; x_wconf 85' lang='lat' dir='ltr'>testis</span> <span class='ocrx_word' id='word_1_35' title='bbox 1074 713 1138 755; x_wconf 93' lang='lat' dir='ltr'>non</span> <span class='ocrx_word' id='word_1_36' title='bbox 1152 689 1233 754; x_wconf 92' lang='lat' dir='ltr'>inul-</span> 
     </span>
     <span class='ocr_line' id='line_1_6' title="bbox 148 789 1233 878; baseline -0.001 -24"><span class='ocrx_word' id='word_1_37' title='bbox 148 798 208 873; x_wconf 88' lang='lat' dir='ltr'>tus,</span> <span class='ocrx_word' id='word_1_38' title='bbox 231 791 289 854; x_wconf 91' lang='lat' dir='ltr'>etsi</span> <span class='ocrx_word' id='word_1_39' title='bbox 311 789 390 854; x_wconf 91' lang='lat' dir='ltr'>alias</span> <span class='ocrx_word' id='word_1_40' title='bbox 410 789 546 876; x_wconf 82' lang='lat' dir='ltr'>perdere</span> <span class='ocrx_word' id='word_1_41' title='bbox 569 799 663 854; x_wconf 88' lang='lat' dir='ltr'>antea</span> <span class='ocrx_word' id='word_1_42' title='bbox 682 789 881 856; x_wconf 90' lang='lat' dir='ltr'>nullomodo</span> <span class='ocrx_word' id='word_1_43' title='bbox 902 792 1063 878; x_wconf 88' lang='lat' dir='ltr'>potuisset,</span> <span class='ocrx_word' id='word_1_44' title='bbox 1088 789 1147 854; x_wconf 90' lang='lat' dir='ltr'>has</span> <span class='ocrx_word' id='word_1_45' title='bbox 1170 789 1233 854; x_wconf 88' lang='lat' dir='ltr'>dis-</span> 
     </span>
     <span class='ocr_line' id='line_1_7' title="bbox 150 888 1234 976; baseline 0 -23"><span class='ocrx_word' id='word_1_46' title='bbox 150 889 268 976; x_wconf 88' lang='lat' dir='ltr'>sipavit</span> <span class='ocrx_word' id='word_1_47' title='bbox 289 910 461 974; x_wconf 89' lang='lat' dir='ltr'>earumque</span> <span class='ocrx_word' id='word_1_48' title='bbox 483 911 581 976; x_wconf 89' lang='lat' dir='ltr'>opera</span> <span class='ocrx_word' id='word_1_49' title='bbox 602 888 707 954; x_wconf 85' lang='lat' dir='ltr'>obruit</span> <span class='ocrx_word' id='word_1_50' title='bbox 728 889 794 954; x_wconf 92' lang='lat' dir='ltr'>solo</span> <span class='ocrx_word' id='word_1_51' title='bbox 818 892 934 956; x_wconf 87' lang='lat' dir='ltr'>ventris</span> <span class='ocrx_word' id='word_1_52' title='bbox 957 891 1087 976; x_wconf 82' lang='lat' dir='ltr'><strong>crepitu.</strong></span> <span class='ocrx_word' id='word_1_53' title='bbox 1125 889 1234 954; x_wconf 85' lang='lat' dir='ltr'>Voces</span> 
     </span>
     <span class='ocr_line' id='line_1_8' title="bbox 149 987 1233 1073; baseline -0.001 -21"><span class='ocrx_word' id='word_1_54' title='bbox 149 997 183 1052; x_wconf 90' lang='lat' dir='ltr'>et</span> <span class='ocrx_word' id='word_1_55' title='bbox 208 988 295 1052; x_wconf 85' lang='lat' dir='ltr'>facta</span> <span class='ocrx_word' id='word_1_56' title='bbox 312 987 438 1052; x_wconf 89' lang='lat' dir='ltr'>illarum</span> <span class='ocrx_word' id='word_1_57' title='bbox 462 1010 527 1052; x_wconf 93' lang='lat' dir='ltr'>non</span> <span class='ocrx_word' id='word_1_58' title='bbox 554 987 686 1053; x_wconf 89' lang='lat' dir='ltr'>horrore</span> <span class='ocrx_word' id='word_1_59' title='bbox 714 1011 915 1055; x_wconf 85' lang='lat' dir='ltr'>commovere</span> <span class='ocrx_word' id='word_1_60' title='bbox 941 990 1035 1055; x_wconf 91' lang='lat' dir='ltr'>deum</span> <span class='ocrx_word' id='word_1_61' title='bbox 1063 988 1233 1073; x_wconf 85' lang='lat' dir='ltr'>debebant,</span> 
     </span>
     <span class='ocr_line' id='line_1_9' title="bbox 148 1086 1233 1174; baseline 0.002 -24"><span class='ocrx_word' id='word_1_62' title='bbox 148 1097 182 1150; x_wconf 90' lang='lat' dir='ltr'>ut</span> <span class='ocrx_word' id='word_1_63' title='bbox 202 1088 375 1172; x_wconf 85' lang='lat' dir='ltr'>refugeret,</span> <span class='ocrx_word' id='word_1_64' title='bbox 398 1086 455 1151; x_wconf 91' lang='lat' dir='ltr'>sed</span> <span class='ocrx_word' id='word_1_65' title='bbox 477 1087 520 1152; x_wconf 86' lang='lat' dir='ltr'>ad</span> <span class='ocrx_word' id='word_1_66' title='bbox 539 1087 621 1152; x_wconf 91' lang='lat' dir='ltr'>iram</span> <span class='ocrx_word' id='word_1_67' title='bbox 641 1110 818 1174; x_wconf 87' lang='lat' dir='ltr'>provocare</span> <span class='ocrx_word' id='word_1_68' title='bbox 841 1099 872 1154; x_wconf 91' lang='lat' dir='ltr'>et</span> <span class='ocrx_word' id='word_1_69' title='bbox 892 1088 934 1154; x_wconf 91' lang='lat' dir='ltr'>ad</span> <span class='ocrx_word' id='word_1_70' title='bbox 956 1088 1129 1154; x_wconf 86' lang='lat' dir='ltr'>vindictam</span> <span class='ocrx_word' id='word_1_71' title='bbox 1150 1088 1233 1153; x_wconf 91' lang='lat' dir='ltr'>deri-</span> 
     </span>
     <span class='ocr_line' id='line_1_10' title="bbox 148 1185 1232 1274; baseline 0.002 -24"><span class='ocrx_word' id='word_1_72' title='bbox 148 1185 287 1250; x_wconf 89' lang='lat' dir='ltr'>diculam</span> <span class='ocrx_word' id='word_1_73' title='bbox 307 1185 570 1273; x_wconf 86' lang='lat' dir='ltr'>spectatoribus.“</span> <span class='ocrx_word' id='word_1_74' title='bbox 606 1185 743 1252; x_wconf 89' lang='lat' dir='ltr'>Orellius</span> <span class='ocrx_word' id='word_1_75' title='bbox 766 1188 920 1253; x_wconf 58' lang='lat' dir='ltr'>obruerem</span> <span class='ocrx_word' id='word_1_76' title='bbox 939 1187 1156 1274; x_wconf 80' lang='lat' dir='ltr'>interpolatori</span> <span class='ocrx_word' id='word_1_77' title='bbox 1176 1188 1232 1252; x_wconf 86' lang='lat' dir='ltr'>tri-</span> 
     </span>
     <span class='ocr_line' id='line_1_11' title="bbox 147 1284 1232 1373; baseline 0.001 -23"><span class='ocrx_word' id='word_1_78' title='bbox 147 1284 249 1351; x_wconf 89' lang='lat' dir='ltr'>buens</span> <span class='ocrx_word' id='word_1_79' title='bbox 278 1284 374 1371; x_wconf 91' lang='lat' dir='ltr'>longe</span> <span class='ocrx_word' id='word_1_80' title='bbox 403 1286 685 1372; x_wconf 88' lang='lat' dir='ltr'>significantiorem</span> <span class='ocrx_word' id='word_1_81' title='bbox 711 1295 799 1373; x_wconf 88' lang='lat' dir='ltr'>putat</span> <span class='ocrx_word' id='word_1_82' title='bbox 826 1287 986 1353; x_wconf 86' lang='lat' dir='ltr'>diversam</span> <span class='ocrx_word' id='word_1_83' title='bbox 1006 1287 1133 1353; x_wconf 82' lang='lat' dir='ltr'><strong>Horatii</strong></span> <span class='ocrx_word' id='word_1_84' title='bbox 1160 1309 1232 1352; x_wconf 90' lang='lat' dir='ltr'>sen·</span> 
     </span>
     <span class='ocr_line' id='line_1_12' title="bbox 146 1384 1232 1474; baseline 0.003 -26"><span class='ocrx_word' id='word_1_85' title='bbox 146 1385 288 1449; x_wconf 90' lang='lat' dir='ltr'>tentiam.</span> <span class='ocrx_word' id='word_1_86' title='bbox 335 1385 437 1451; x_wconf 89' lang='lat' dir='ltr'>Nobis</span> <span class='ocrx_word' id='word_1_87' title='bbox 463 1385 632 1449; x_wconf 90' lang='lat' dir='ltr'>lectionem</span> <span class='ocrx_word' id='word_1_88' title='bbox 657 1384 820 1471; x_wconf 85' lang='lat' dir='ltr'>vulgatam</span> <span class='ocrx_word' id='word_1_89' title='bbox 848 1387 890 1452; x_wconf 89' lang='lat' dir='ltr'>ab</span> <span class='ocrx_word' id='word_1_90' title='bbox 914 1385 1139 1474; x_wconf 82' lang='lat' dir='ltr'>interpolatore</span> <span class='ocrx_word' id='word_1_91' title='bbox 1160 1408 1232 1472; x_wconf 90' lang='lat' dir='ltr'>pro-</span> 
     </span>
     <span class='ocr_line' id='line_1_13' title="bbox 147 1484 1232 1572; baseline 0.003 -24"><span class='ocrx_word' id='word_1_92' title='bbox 147 1484 267 1549; x_wconf 81' lang='lat' dir='ltr'>fectam</span> <span class='ocrx_word' id='word_1_93' title='bbox 294 1506 364 1549; x_wconf 88' lang='lat' dir='ltr'>esse</span> <span class='ocrx_word' id='word_1_94' title='bbox 385 1485 448 1549; x_wconf 89' lang='lat' dir='ltr'>iam</span> <span class='ocrx_word' id='word_1_95' title='bbox 469 1484 666 1572; x_wconf 88' lang='lat' dir='ltr'>praecedens</span> <span class='ocrx_word' id='word_1_96' title='bbox 686 1508 749 1550; x_wconf 82' lang='lat' dir='ltr'>noa</span> <span class='ocrx_word' id='word_1_97' title='bbox 770 1488 855 1551; x_wconf 77' lang='lat' dir='ltr'>tertia</span> <span class='ocrx_word' id='word_1_98' title='bbox 875 1487 991 1550; x_wconf 80' lang='lat' dir='ltr'>inultus</span> <span class='ocrx_word' id='word_1_99' title='bbox 1011 1496 1061 1550; x_wconf 90' lang='lat' dir='ltr'>sat</span> <span class='ocrx_word' id='word_1_100' title='bbox 1083 1487 1232 1551; x_wconf 87' lang='lat' dir='ltr'>evincere</span> 
     </span>
     <span class='ocr_line' id='line_1_14' title="bbox 146 1583 1233 1669; baseline 0.002 -22"><span class='ocrx_word' id='word_1_101' title='bbox 146 1584 286 1667; x_wconf 87' lang='lat' dir='ltr'>videtur,</span> <span class='ocrx_word' id='word_1_102' title='bbox 308 1583 563 1669; x_wconf 88' lang='lat' dir='ltr'>quandoquidem</span> <span class='ocrx_word' id='word_1_103' title='bbox 583 1606 646 1648; x_wconf 93' lang='lat' dir='ltr'>non</span> <span class='ocrx_word' id='word_1_104' title='bbox 667 1584 837 1667; x_wconf 76' lang='lat' dir='ltr'>horruisse,</span> <span class='ocrx_word' id='word_1_105' title='bbox 859 1585 919 1650; x_wconf 87' lang='lat' dir='ltr'>sed</span> <span class='ocrx_word' id='word_1_106' title='bbox 939 1587 1076 1651; x_wconf 74' lang='lat' dir='ltr'>obruisse</span> <span class='ocrx_word' id='word_1_107' title='bbox 1097 1598 1233 1657; x_wconf 81' lang='lat' dir='ltr'>uocaset</span> 
     </span>
     <span class='ocr_line' id='line_1_15' title="bbox 140 1683 1170 1772; baseline 0.003 -25"><span class='ocrx_word' id='word_1_108' title='bbox 140 1685 237 1772; x_wconf 86' lang='lat' dir='ltr'>facta</span> <span class='ocrx_word' id='word_1_109' title='bbox 258 1683 391 1748; x_wconf 83' lang='lat' dir='ltr'>duorum</span> <span class='ocrx_word' id='word_1_110' title='bbox 401 1686 569 1771; x_wconf 71' lang='lat' dir='ltr'>furnorum</span> <span class='ocrx_word' id='word_1_111' title='bbox 588 1684 621 1748; x_wconf 92' lang='lat' dir='ltr'>in</span> <span class='ocrx_word' id='word_1_112' title='bbox 642 1692 755 1748; x_wconf 88' lang='lat' dir='ltr'>testem</span> <span class='ocrx_word' id='word_1_113' title='bbox 776 1687 925 1749; x_wconf 89' lang='lat' dir='ltr'>convenit</span> <span class='ocrx_word' id='word_1_114' title='bbox 944 1706 1008 1749; x_wconf 93' lang='lat' dir='ltr'>non</span> <span class='ocrx_word' id='word_1_115' title='bbox 1028 1685 1170 1750; x_wconf 91' lang='lat' dir='ltr'>inultum.</span> 
     </span>
    </p>
   </div>
   <div class='ocr_carea' id='block_1_4' title="bbox 147 1798 996 1933">
    <p class='ocr_par' dir='ltr' id='par_1_4' title="bbox 147 1798 996 1933">
     <span class='ocr_line' id='line_1_16' title="bbox 147 1798 996 1867; baseline 0.001 -17"><span class='ocrx_word' id='word_1_116' title='bbox 147 1799 178 1850; x_wconf 86' lang='lat' dir='ltr'>V.</span> <span class='ocrx_word' id='word_1_117' title='bbox 196 1802 236 1852; x_wconf 77' lang='lat'>48.</span> <span class='ocrx_word' id='word_1_118' title='bbox 253 1815 291 1867; x_wconf 84' lang='lat' dir='ltr'>sq.</span> <span class='ocrx_word' id='word_1_119' title='bbox 341 1799 468 1850; x_wconf 83' lang='lat' dir='ltr'>Canidiae</span> <span class='ocrx_word' id='word_1_120' title='bbox 485 1800 582 1862; x_wconf 86' lang='lat' dir='ltr'>dentes,</span> <span class='ocrx_word' id='word_1_121' title='bbox 599 1799 680 1850; x_wconf 89' lang='lat' dir='ltr'>altum</span> <span class='ocrx_word' id='word_1_122' title='bbox 697 1798 820 1866; x_wconf 83' lang='lat' dir='ltr'>Saganae</span> <span class='ocrx_word' id='word_1_123' title='bbox 837 1799 996 1851; x_wconf 84' lang='lat' dir='ltr'>caliendrum</span> 
     </span>
     <span class='ocr_line' id='line_1_17' title="bbox 343 1883 566 1933; baseline -0.013 0"><span class='ocrx_word' id='word_1_124' title='bbox 343 1883 469 1933; x_wconf 82' lang='lat' dir='ltr'>Excidere</span> <span class='ocrx_word' id='word_1_125' title='bbox 484 1919 566 1930; x_wconf 80' lang='grc'>-.</span> 
     </span>
    </p>
   </div>
   <div class='ocr_carea' id='block_1_5' title="bbox 147 1980 1232 2268">
    <p class='ocr_par' dir='ltr' id='par_1_5' title="bbox 147 1980 1232 2268">
     <span class='ocr_line' id='line_1_18' title="bbox 229 1980 1231 2068; baseline -0.001 -21"><span class='ocrx_word' id='word_1_126' title='bbox 229 1983 343 2068; x_wconf 87' lang='lat' dir='ltr'>Neque</span> <span class='ocrx_word' id='word_1_127' title='bbox 366 1981 501 2046; x_wconf 90' lang='lat' dir='ltr'>Canidia</span> <span class='ocrx_word' id='word_1_128' title='bbox 523 1980 669 2047; x_wconf 90' lang='lat' dir='ltr'>dentibus</span> <span class='ocrx_word' id='word_1_129' title='bbox 691 1980 839 2047; x_wconf 91' lang='lat' dir='ltr'>utebatur</span> <span class='ocrx_word' id='word_1_130' title='bbox 857 1982 968 2066; x_wconf 89' lang='lat' dir='ltr'>insitis,</span> <span class='ocrx_word' id='word_1_131' title='bbox 989 2004 1064 2046; x_wconf 91' lang='lat' dir='ltr'>nam</span> <span class='ocrx_word' id='word_1_132' title='bbox 1085 2005 1156 2047; x_wconf 91' lang='lat' dir='ltr'>cum</span> <span class='ocrx_word' id='word_1_133' title='bbox 1174 1981 1231 2046; x_wconf 85' lang='lat' dir='ltr'>Sa·</span> 
     </span>
     <span class='ocr_line' id='line_1_19' title="bbox 147 2079 1231 2168; baseline 0 -22"><span class='ocrx_word' id='word_1_134' title='bbox 147 2104 233 2168; x_wconf 89' lang='lat' dir='ltr'>gana</span> <span class='ocrx_word' id='word_1_135' title='bbox 258 2104 375 2168; x_wconf 89' lang='lat' dir='ltr'>agnam</span> <span class='ocrx_word' id='word_1_136' title='bbox 400 2079 518 2167; x_wconf 91' lang='lat' dir='ltr'>pullam</span> <span class='ocrx_word' id='word_1_137' title='bbox 545 2081 706 2145; x_wconf 87' lang='lat' dir='ltr'>mordicus</span> <span class='ocrx_word' id='word_1_138' title='bbox 729 2080 912 2165; x_wconf 88' lang='lat' dir='ltr'>divellebat;</span> <span class='ocrx_word' id='word_1_139' title='bbox 938 2104 999 2146; x_wconf 90' lang='lat' dir='ltr'>nec</span> <span class='ocrx_word' id='word_1_140' title='bbox 1020 2082 1148 2168; x_wconf 85' lang='lat' dir='ltr'>Sagana</span> <span class='ocrx_word' id='word_1_141' title='bbox 1170 2083 1231 2146; x_wconf 87' lang='lat' dir='ltr'>cri·</span> 
     </span>
     <span class='ocr_line' id='line_1_20' title="bbox 148 2180 1232 2268; baseline -0.001 -23"><span class='ocrx_word' id='word_1_142' title='bbox 148 2205 207 2246; x_wconf 90' lang='lat' dir='ltr'>nes</span> <span class='ocrx_word' id='word_1_143' title='bbox 228 2180 368 2247; x_wconf 91' lang='lat' dir='ltr'>babebat</span> <span class='ocrx_word' id='word_1_144' title='bbox 389 2180 620 2267; x_wconf 89' lang='lat' dir='ltr'>suppositicios,</span> <span class='ocrx_word' id='word_1_145' title='bbox 642 2182 758 2267; x_wconf 88' lang='lat' dir='ltr'>quippe</span> <span class='ocrx_word' id='word_1_146' title='bbox 781 2203 798 2245; x_wconf 94' lang='lat' dir='ltr'>e</span> <span class='ocrx_word' id='word_1_147' title='bbox 820 2183 977 2247; x_wconf 90' lang='lat' dir='ltr'>contrario</span> <span class='ocrx_word' id='word_1_148' title='bbox 999 2183 1119 2268; x_wconf 88' lang='lat' dir='ltr'>asperis</span> <span class='ocrx_word' id='word_1_149' title='bbox 1135 2181 1232 2267; x_wconf 88' lang='lat' dir='ltr'>capil-</span> 
     </span>
    </p>
   </div>
   <div class='ocr_carea' id='block_1_6' title="bbox 145 2279 1231 2766">
    <p class='ocr_par' dir='ltr' id='par_1_6' title="bbox 145 2279 1231 2766">
     <span class='ocr_line' id='line_1_21' title="bbox 146 2279 1230 2367; baseline 0.001 -22"><span class='ocrx_word' id='word_1_150' title='bbox 146 2279 186 2345; x_wconf 93' lang='lat' dir='ltr'>lis</span> <span class='ocrx_word' id='word_1_151' title='bbox 207 2290 242 2346; x_wconf 87' lang='lat' dir='ltr'>ut</span> <span class='ocrx_word' id='word_1_152' title='bbox 262 2281 401 2345; x_wconf 89' lang='lat' dir='ltr'>marinus</span> <span class='ocrx_word' id='word_1_153' title='bbox 418 2279 555 2344; x_wconf 86' lang='lat' dir='ltr'>echinus</span> <span class='ocrx_word' id='word_1_154' title='bbox 576 2289 630 2344; x_wconf 86' lang='lat' dir='ltr'>aut</span> <span class='ocrx_word' id='word_1_155' title='bbox 645 2302 775 2345; x_wconf 92' lang='lat' dir='ltr'>currens</span> <span class='ocrx_word' id='word_1_156' title='bbox 789 2302 867 2367; x_wconf 86' lang='lat' dir='ltr'>aper</span> <span class='ocrx_word' id='word_1_157' title='bbox 881 2281 1037 2346; x_wconf 87' lang='lat' dir='ltr'>horrebat.</span> <span class='ocrx_word' id='word_1_158' title='bbox 1068 2281 1109 2347; x_wconf 89' lang='lat' dir='ltr'>V.</span> <span class='ocrx_word' id='word_1_159' title='bbox 1124 2281 1230 2367; x_wconf 85' lang='lat' dir='ltr'>Epod.</span> 
     </span>
     <span class='ocr_line' id='line_1_22' title="bbox 147 2378 1231 2467; baseline 0 -22"><span class='ocrx_word' id='word_1_160' title='bbox 147 2381 188 2464; x_wconf 85' lang='lat' dir='ltr'>V,</span> <span class='ocrx_word' id='word_1_161' title='bbox 210 2381 261 2446; x_wconf 76' lang='lat'>27.</span> <span class='ocrx_word' id='word_1_162' title='bbox 280 2403 327 2466; x_wconf 92' lang='lat' dir='ltr'>sq.</span> <span class='ocrx_word' id='word_1_163' title='bbox 362 2378 501 2444; x_wconf 89' lang='lat' dir='ltr'>Proinde</span> <span class='ocrx_word' id='word_1_164' title='bbox 521 2387 641 2443; x_wconf 88' lang='lat' dir='ltr'>tantum</span> <span class='ocrx_word' id='word_1_165' title='bbox 661 2378 762 2463; x_wconf 87' lang='lat' dir='ltr'>abest,</span> <span class='ocrx_word' id='word_1_166' title='bbox 782 2389 817 2445; x_wconf 90' lang='lat' dir='ltr'>ut</span> <span class='ocrx_word' id='word_1_167' title='bbox 829 2381 963 2467; x_wconf 82' lang='lat' dir='ltr'>Priapus</span> <span class='ocrx_word' id='word_1_168' title='bbox 978 2379 1132 2445; x_wconf 80' lang='lat' dir='ltr'>Canidiae</span> <span class='ocrx_word' id='word_1_169' title='bbox 1154 2380 1231 2445; x_wconf 86' lang='lat' dir='ltr'>den·</span> 
     </span>
     <span class='ocr_line' id='line_1_23' title="bbox 145 2477 1231 2564; baseline -0.003 -18"><span class='ocrx_word' id='word_1_170' title='bbox 145 2489 194 2546; x_wconf 86' lang='lat' dir='ltr'>tes</span> <span class='ocrx_word' id='word_1_171' title='bbox 221 2501 261 2544; x_wconf 90' lang='lat' dir='ltr'>ao</span> <span class='ocrx_word' id='word_1_172' title='bbox 289 2479 437 2564; x_wconf 86' lang='lat' dir='ltr'>Saganae</span> <span class='ocrx_word' id='word_1_173' title='bbox 465 2477 559 2542; x_wconf 89' lang='lat' dir='ltr'>altum</span> <span class='ocrx_word' id='word_1_174' title='bbox 589 2477 786 2542; x_wconf 87' lang='lat' dir='ltr'>caliendrum</span> <span class='ocrx_word' id='word_1_175' title='bbox 813 2479 970 2544; x_wconf 84' lang='lat' dir='ltr'>excidisse</span> <span class='ocrx_word' id='word_1_176' title='bbox 997 2479 1080 2543; x_wconf 89' lang='lat' dir='ltr'>serio</span> <span class='ocrx_word' id='word_1_177' title='bbox 1106 2479 1231 2564; x_wconf 87' lang='lat' dir='ltr'>dixerit,</span> 
     </span>
     <span class='ocr_line' id='line_1_24' title="bbox 145 2576 1231 2665; baseline -0.001 -19"><span class='ocrx_word' id='word_1_178' title='bbox 145 2587 181 2646; x_wconf 85' lang='lat' dir='ltr'>ut</span> <span class='ocrx_word' id='word_1_179' title='bbox 204 2602 274 2644; x_wconf 90' lang='lat' dir='ltr'>rem</span> <span class='ocrx_word' id='word_1_180' title='bbox 299 2578 391 2642; x_wconf 89' lang='lat' dir='ltr'>nimis</span> <span class='ocrx_word' id='word_1_181' title='bbox 417 2599 619 2663; x_wconf 82' lang='lat' dir='ltr'>exaggerans</span> <span class='ocrx_word' id='word_1_182' title='bbox 640 2576 809 2643; x_wconf 88' lang='lat' dir='ltr'>horribiles</span> <span class='ocrx_word' id='word_1_183' title='bbox 830 2577 941 2645; x_wconf 88' lang='lat' dir='ltr'>dentes</span> <span class='ocrx_word' id='word_1_184' title='bbox 963 2578 1116 2645; x_wconf 84' lang='lat' dir='ltr'>Canidiae</span> <span class='ocrx_word' id='word_1_185' title='bbox 1136 2588 1231 2665; x_wconf 86' lang='lat' dir='ltr'>atque</span> 
     </span>
     <span class='ocr_line' id='line_1_25' title="bbox 147 2675 837 2766; baseline -0.004 -22"><span class='ocrx_word' id='word_1_186' title='bbox 147 2679 296 2766; x_wconf 83' lang='lat' dir='ltr'>Saganae</span> <span class='ocrx_word' id='word_1_187' title='bbox 313 2688 397 2744; x_wconf 85' lang='lat' dir='ltr'>setas</span> <span class='ocrx_word' id='word_1_188' title='bbox 417 2676 523 2742; x_wconf 86' lang='lat' dir='ltr'>suillas</span> <span class='ocrx_word' id='word_1_189' title='bbox 544 2675 651 2765; x_wconf 89' lang='lat' dir='ltr'>lepide</span> <span class='ocrx_word' id='word_1_190' title='bbox 671 2677 837 2742; x_wconf 79' lang='lat' dir='ltr'>notaverit</span> 
     </span>
    </p>
   </div>
   <div class='ocr_carea' id='block_1_7' title="bbox 559 2905 810 2980">
    <p class='ocr_par' dir='ltr' id='par_1_7' title="bbox 559 2905 810 2980">
     <span class='ocr_line' id='line_1_26' title="bbox 559 2905 810 2980; baseline -0.012 -1"><span class='ocrx_word' id='word_1_191' title='bbox 559 2905 700 2980; x_wconf 65' lang='lat' dir='ltr'>§Mb</span> <span class='ocrx_word' id='word_1_192' title='bbox 720 2905 810 2977; x_wconf 78' lang='lat' dir='ltr'>IX·</span> 
     </span>
    </p>
   </div>
   <div class='ocr_carea' id='block_1_8' title="bbox 146 3093 1052 3326">
    <p class='ocr_par' dir='ltr' id='par_1_8' title="bbox 146 3093 1052 3326">
     <span class='ocr_line' id='line_1_27' title="bbox 146 3093 963 3170; baseline -0.004 -23"><span class='ocrx_word' id='word_1_193' title='bbox 146 3093 178 3149; x_wconf 80' lang='lat' dir='ltr'>V.</span> <span class='ocrx_word' id='word_1_194' title='bbox 188 3096 217 3146; x_wconf 84' lang='lat' dir='ltr'>l.</span> <span class='ocrx_word' id='word_1_195' title='bbox 235 3109 291 3160; x_wconf 85' lang='lat' dir='ltr'>sqq.</span> <span class='ocrx_word' id='word_1_196' title='bbox 340 3094 415 3144; x_wconf 89' lang='lat' dir='ltr'>Ibam</span> <span class='ocrx_word' id='word_1_197' title='bbox 430 3094 497 3145; x_wconf 80' lang='lat' dir='ltr'>sorte</span> <span class='ocrx_word' id='word_1_198' title='bbox 512 3094 557 3144; x_wconf 88' lang='lat' dir='ltr'>via</span> <span class='ocrx_word' id='word_1_199' title='bbox 573 3110 655 3157; x_wconf 85' lang='lat' dir='ltr'>sacra,</span> <span class='ocrx_word' id='word_1_200' title='bbox 673 3094 740 3170; x_wconf 84' lang='lat' dir='ltr'>sicut</span> <span class='ocrx_word' id='word_1_201' title='bbox 755 3107 828 3143; x_wconf 86' lang='lat' dir='ltr'>meus</span> <span class='ocrx_word' id='word_1_202' title='bbox 845 3095 884 3142; x_wconf 89' lang='lat' dir='ltr'>est</span> <span class='ocrx_word' id='word_1_203' title='bbox 899 3107 963 3156; x_wconf 84' lang='lat' dir='ltr'>mos,</span> 
     </span>
     <span class='ocr_line' id='line_1_28' title="bbox 342 3174 1052 3243; baseline -0.003 -16"><span class='ocrx_word' id='word_1_204' title='bbox 342 3177 437 3227; x_wconf 84' lang='lat' dir='ltr'>Nescio</span> <span class='ocrx_word' id='word_1_205' title='bbox 454 3177 517 3243; x_wconf 87' lang='lat' dir='ltr'>quid</span> <span class='ocrx_word' id='word_1_206' title='bbox 532 3178 660 3227; x_wconf 87' lang='lat' dir='ltr'>meditans</span> <span class='ocrx_word' id='word_1_207' title='bbox 677 3191 842 3242; x_wconf 88' lang='lat' dir='ltr'>nugarum,</span> <span class='ocrx_word' id='word_1_208' title='bbox 857 3180 928 3227; x_wconf 88' lang='lat' dir='ltr'>totus</span> <span class='ocrx_word' id='word_1_209' title='bbox 944 3177 972 3225; x_wconf 87' lang='lat' dir='ltr'>in</span> <span class='ocrx_word' id='word_1_210' title='bbox 987 3174 1052 3225; x_wconf 85' lang='lat' dir='ltr'>illis:</span> 
     </span>
     <span class='ocr_line' id='line_1_29' title="bbox 342 3259 712 3326; baseline -0.008 -17"><span class='ocrx_word' id='word_1_211' title='bbox 342 3259 490 3309; x_wconf 78' lang='lat' dir='ltr'>Accurrit</span> <span class='ocrx_word' id='word_1_212' title='bbox 507 3260 612 3326; x_wconf 88' lang='lat' dir='ltr'>quidam</span> <span class='ocrx_word' id='word_1_213' title='bbox 627 3294 712 3306; x_wconf 78' lang='grc'><em>...-</em></span> 
     </span>
    </p>
   </div>
   <div class='ocr_carea' id='block_1_9' title="bbox 145 3372 1231 4258">
    <p class='ocr_par' dir='ltr' id='par_1_9' title="bbox 145 3372 1231 4258">
     <span class='ocr_line' id='line_1_30' title="bbox 228 3372 1230 3459; baseline -0.002 -19"><span class='ocrx_word' id='word_1_214' title='bbox 228 3374 362 3440; x_wconf 90' lang='lat' dir='ltr'>Horatio</span> <span class='ocrx_word' id='word_1_215' title='bbox 388 3375 470 3439; x_wconf 90' lang='lat' dir='ltr'>inter</span> <span class='ocrx_word' id='word_1_216' title='bbox 489 3374 686 3440; x_wconf 87' lang='lat' dir='ltr'>Maecenatis</span> <span class='ocrx_word' id='word_1_217' title='bbox 713 3373 886 3439; x_wconf 83' lang='lat' dir='ltr'>familiares</span> <span class='ocrx_word' id='word_1_218' title='bbox 906 3372 1044 3459; x_wconf 90' lang='lat' dir='ltr'>Virgilio</span> <span class='ocrx_word' id='word_1_219' title='bbox 1064 3372 1230 3458; x_wconf 90' lang='lat' dir='ltr'>Varioque</span> 
     </span>
     <span class='ocr_line' id='line_1_31' title="bbox 147 3472 1231 3561; baseline -0.006 -18"><span class='ocrx_word' id='word_1_220' title='bbox 147 3475 328 3543; x_wconf 89' lang='lat' dir='ltr'>auctoribus</span> <span class='ocrx_word' id='word_1_221' title='bbox 355 3483 484 3561; x_wconf 89' lang='lat' dir='ltr'>recepto</span> <span class='ocrx_word' id='word_1_222' title='bbox 509 3474 580 3539; x_wconf 90' lang='lat' dir='ltr'>fieri</span> <span class='ocrx_word' id='word_1_223' title='bbox 605 3496 668 3540; x_wconf 93' lang='lat' dir='ltr'>non</span> <span class='ocrx_word' id='word_1_224' title='bbox 692 3474 828 3561; x_wconf 86' lang='lat' dir='ltr'>poterat,</span> <span class='ocrx_word' id='word_1_225' title='bbox 855 3473 933 3557; x_wconf 90' lang='lat' dir='ltr'>quin</span> <span class='ocrx_word' id='word_1_226' title='bbox 953 3472 1041 3537; x_wconf 88' lang='lat' dir='ltr'>multi</span> <span class='ocrx_word' id='word_1_227' title='bbox 1062 3474 1123 3538; x_wconf 86' lang='lat' dir='ltr'>viri</span> <span class='ocrx_word' id='word_1_228' title='bbox 1144 3473 1231 3538; x_wconf 85' lang='lat' dir='ltr'>docti</span> 
     </span>
     <span class='ocr_line' id='line_1_32' title="bbox 146 3570 1229 3662; baseline -0.001 -24"><span class='ocrx_word' id='word_1_229' title='bbox 146 3574 349 3659; x_wconf 86' lang='lat' dir='ltr'>maximeque</span> <span class='ocrx_word' id='word_1_230' title='bbox 370 3578 501 3662; x_wconf 85' lang='lat' dir='ltr'>poetae,</span> <span class='ocrx_word' id='word_1_231' title='bbox 528 3596 660 3660; x_wconf 89' lang='lat' dir='ltr'>quorum</span> <span class='ocrx_word' id='word_1_232' title='bbox 686 3596 835 3638; x_wconf 90' lang='lat' dir='ltr'>numerus</span> <span class='ocrx_word' id='word_1_233' title='bbox 856 3570 943 3637; x_wconf 92' lang='lat' dir='ltr'>haud</span> <span class='ocrx_word' id='word_1_234' title='bbox 965 3574 1098 3658; x_wconf 86' lang='lat' dir='ltr'>exiguus</span> <span class='ocrx_word' id='word_1_235' title='bbox 1121 3573 1229 3637; x_wconf 90' lang='lat' dir='ltr'>condi-</span> 
     </span>
     <span class='ocr_line' id='line_1_33' title="bbox 146 3671 1230 3758; baseline -0.003 -19"><span class='ocrx_word' id='word_1_236' title='bbox 146 3676 310 3758; x_wconf 87' lang='lat' dir='ltr'>tionesque</span> <span class='ocrx_word' id='word_1_237' title='bbox 324 3696 388 3738; x_wconf 92' lang='lat' dir='ltr'>non</span> <span class='ocrx_word' id='word_1_238' title='bbox 408 3673 599 3738; x_wconf 89' lang='lat' dir='ltr'>laetissimae</span> <span class='ocrx_word' id='word_1_239' title='bbox 621 3682 711 3738; x_wconf 87' lang='lat' dir='ltr'>erant</span> <span class='ocrx_word' id='word_1_240' title='bbox 733 3673 776 3758; x_wconf 82' lang='lat' dir='ltr'>(v.</span> <span class='ocrx_word' id='word_1_241' title='bbox 798 3673 901 3758; x_wconf 86' lang='lat' dir='ltr'>Epist.</span> <span class='ocrx_word' id='word_1_242' title='bbox 922 3671 966 3756; x_wconf 81' lang='grc' dir='ltr'>Π,</span> <span class='ocrx_word' id='word_1_243' title='bbox 983 3673 1010 3755; x_wconf 87' lang='grc'>1,</span> <span class='ocrx_word' id='word_1_244' title='bbox 1027 3673 1096 3736; x_wconf 87' lang='grc'><strong>108.</strong></span> <span class='ocrx_word' id='word_1_245' title='bbox 1112 3694 1181 3758; x_wconf 87' lang='lat' dir='ltr'>sqq.</span> <span class='ocrx_word' id='word_1_246' title='bbox 1199 3679 1230 3736; x_wconf 86' lang='lat' dir='ltr'>et</span> 
     </span>
     <span class='ocr_line' id='line_1_34' title="bbox 147 3771 1229 3859; baseline -0.004 -21"><span class='ocrx_word' id='word_1_247' title='bbox 147 3774 219 3838; x_wconf 80' lang='lat'>219.</span> <span class='ocrx_word' id='word_1_248' title='bbox 235 3772 330 3859; x_wconf 79' lang='lat' dir='ltr'>sqq),</span> <span class='ocrx_word' id='word_1_249' title='bbox 350 3773 495 3838; x_wconf 89' lang='lat' dir='ltr'>eamdem</span> <span class='ocrx_word' id='word_1_250' title='bbox 512 3782 700 3859; x_wconf 87' lang='lat' dir='ltr'>appeterent</span> <span class='ocrx_word' id='word_1_251' title='bbox 718 3772 899 3848; x_wconf 90' lang='lat' dir='ltr'>amicitiam,</span> <span class='ocrx_word' id='word_1_252' title='bbox 918 3780 952 3835; x_wconf 86' lang='lat' dir='ltr'>ut</span> <span class='ocrx_word' id='word_1_253' title='bbox 971 3771 1154 3855; x_wconf 85' lang='lat' dir='ltr'>credebant,</span> <span class='ocrx_word' id='word_1_254' title='bbox 1173 3794 1229 3836; x_wconf 92' lang='lat' dir='ltr'>au-</span> 
     </span>
     <span class='ocr_line' id='line_1_35' title="bbox 146 3871 1229 3959; baseline -0.002 -22"><span class='ocrx_word' id='word_1_255' title='bbox 146 3896 246 3938; x_wconf 90' lang='lat' dir='ltr'>ream.</span> <span class='ocrx_word' id='word_1_256' title='bbox 280 3873 351 3954; x_wconf 80' lang='lat' dir='ltr'>Quo</span> <span class='ocrx_word' id='word_1_257' title='bbox 367 3873 497 3938; x_wconf 91' lang='lat' dir='ltr'>consilio</span> <span class='ocrx_word' id='word_1_258' title='bbox 510 3895 575 3937; x_wconf 93' lang='lat' dir='ltr'>non</span> <span class='ocrx_word' id='word_1_259' title='bbox 588 3874 684 3959; x_wconf 90' lang='lat' dir='ltr'>pauci</span> <span class='ocrx_word' id='word_1_260' title='bbox 699 3881 730 3935; x_wconf 90' lang='lat' dir='ltr'>et</span> <span class='ocrx_word' id='word_1_261' title='bbox 742 3872 824 3935; x_wconf 90' lang='lat' dir='ltr'>inter</span> <span class='ocrx_word' id='word_1_262' title='bbox 839 3893 893 3936; x_wconf 92' lang='lat' dir='ltr'>eos</span> <span class='ocrx_word' id='word_1_263' title='bbox 910 3872 1005 3936; x_wconf 90' lang='lat' dir='ltr'>etiam</span> <span class='ocrx_word' id='word_1_264' title='bbox 1018 3871 1120 3956; x_wconf 89' lang='lat' dir='ltr'>ignoti</span> <span class='ocrx_word' id='word_1_265' title='bbox 1133 3880 1229 3956; x_wconf 88' lang='lat' dir='ltr'>atque</span> 
     </span>
     <span class='ocr_line' id='line_1_36' title="bbox 145 3970 1228 4059; baseline -0.001 -23"><span class='ocrx_word' id='word_1_266' title='bbox 145 3972 270 4059; x_wconf 91' lang='lat' dir='ltr'>indigni</span> <span class='ocrx_word' id='word_1_267' title='bbox 290 3971 434 4037; x_wconf 92' lang='lat' dir='ltr'>homines</span> <span class='ocrx_word' id='word_1_268' title='bbox 448 3973 617 4038; x_wconf 87' lang='lat' dir='ltr'>Horatium</span> <span class='ocrx_word' id='word_1_269' title='bbox 631 3971 717 4036; x_wconf 87' lang='lat' dir='ltr'>domi</span> <span class='ocrx_word' id='word_1_270' title='bbox 730 3972 880 4036; x_wconf 87' lang='lat' dir='ltr'>revisisse</span> <span class='ocrx_word' id='word_1_271' title='bbox 896 3972 1040 4057; x_wconf 90' lang='lat' dir='ltr'>adeoque</span> <span class='ocrx_word' id='word_1_272' title='bbox 1054 3970 1161 4058; x_wconf 90' lang='lat' dir='ltr'>palam</span> <span class='ocrx_word' id='word_1_273' title='bbox 1175 3992 1228 4035; x_wconf 91' lang='lat' dir='ltr'>oo-</span> 
     </span>
     <span class='ocr_line' id='line_1_37' title="bbox 147 4069 1228 4160; baseline -0.003 -23"><span class='ocrx_word' id='word_1_274' title='bbox 147 4095 283 4160; x_wconf 89' lang='lat' dir='ltr'>cupasse</span> <span class='ocrx_word' id='word_1_275' title='bbox 297 4071 452 4156; x_wconf 88' lang='lat' dir='ltr'>videntur,</span> <span class='ocrx_word' id='word_1_276' title='bbox 475 4093 547 4136; x_wconf 89' lang='lat' dir='ltr'>eum</span> <span class='ocrx_word' id='word_1_277' title='bbox 568 4071 680 4158; x_wconf 91' lang='lat' dir='ltr'>quovis</span> <span class='ocrx_word' id='word_1_278' title='bbox 701 4079 794 4157; x_wconf 91' lang='lat' dir='ltr'>pacto</span> <span class='ocrx_word' id='word_1_279' title='bbox 815 4070 848 4135; x_wconf 92' lang='lat' dir='ltr'>in</span> <span class='ocrx_word' id='word_1_280' title='bbox 868 4081 975 4157; x_wconf 88' lang='lat' dir='ltr'>partes</span> <span class='ocrx_word' id='word_1_281' title='bbox 990 4093 1063 4135; x_wconf 88' lang='lat' dir='ltr'>suas</span> <span class='ocrx_word' id='word_1_282' title='bbox 1077 4069 1228 4157; x_wconf 87' lang='lat' dir='ltr'>pellicere</span> 
     </span>
     <span class='ocr_line' id='line_1_38' title="bbox 145 4170 1228 4258; baseline -0.004 -20"><span class='ocrx_word' id='word_1_283' title='bbox 145 4181 310 4256; x_wconf 84' lang='lat' dir='ltr'>tentantes,</span> <span class='ocrx_word' id='word_1_284' title='bbox 330 4179 364 4237; x_wconf 83' lang='lat' dir='ltr'>ut</span> <span class='ocrx_word' id='word_1_285' title='bbox 376 4170 559 4238; x_wconf 86' lang='lat' dir='ltr'>Maecenati</span> <span class='ocrx_word' id='word_1_286' title='bbox 569 4171 820 4255; x_wconf 85' lang='lat' dir='ltr'>insinuarentur.</span> <span class='ocrx_word' id='word_1_287' title='bbox 854 4170 966 4257; x_wconf 89' lang='lat' dir='ltr'>Itaque</span> <span class='ocrx_word' id='word_1_288' title='bbox 979 4179 1084 4258; x_wconf 88' lang='lat' dir='ltr'>poeta,</span> <span class='ocrx_word' id='word_1_289' title='bbox 1099 4178 1134 4233; x_wconf 93' lang='lat' dir='ltr'>ut</span> <span class='ocrx_word' id='word_1_290' title='bbox 1147 4177 1179 4234; x_wconf 88' lang='lat' dir='ltr'>et</span> <span class='ocrx_word' id='word_1_291' title='bbox 1192 4191 1228 4234; x_wconf 88' lang='lat' dir='ltr'>se</span> 
     </span>
    </p>
   </div>
   <div class='ocr_carea' id='block_1_10' title="bbox 0 0 1344 4642">
    <p class='ocr_par' dir='ltr' id='par_1_10' title="bbox 0 0 1344 4642">
     <span class='ocr_line' id='line_1_39' title="bbox 0 0 1344 4642; baseline 0 1"><span class='ocrx_word' id='word_1_292' title='bbox 0 0 1344 4642; x_wconf 95' lang='lat' dir='ltr'> </span> 
     </span>
    </p>
   </div>
  </div>
 </body>
</html>
