2678 4642
392 249 427 297 m
449 239 638 298 sarmmuu
658 247 787 297 nmium
806 248 939 298 rumim
1167 233 1206 298 67
1305 290 1307 295 Α

121 423 225 482 strsue
258 412 321 480 sibi
345 412 528 499 videbatur,
558 415 613 501 qui
645 412 818 480 ablativum
848 414 993 482 membris
1012 415 1125 481 inscite
1150 438 1208 504 pro

120 516 231 581 dativo
251 513 373 580 babens
387 515 517 600 plumos
535 534 594 600 pro
611 527 721 600 portes
742 515 917 600 supposuit.

202 613 303 679 Multo
335 616 430 679 etiam
459 615 563 678 maior
594 612 772 700 corruptela
803 613 921 678 invasit
940 615 981 700 ,in
1005 614 1108 702 Epist.
1130 614 1156 699 I,
1180 615 1209 700 1,

120 714 172 780 59.
195 734 265 800 sqq.
304 714 348 778 Ar
368 714 468 800 paeri
490 712 645 795 ludentes,
670 736 729 777 rea·
756 714 832 796 ers's,
865 715 968 797 aiunt,
997 717 1030 779 si
1052 728 1133 779 recte
1150 716 1209 801 fo-

120 815 192 879 cies
226 814 290 879 Hic
308 837 416 878 morus
437 835 549 877 aeneus
562 824 633 894 esto,
648 812 696 876 nil
708 814 844 876 conscs're
858 813 928 896 srdt‘,
942 814 1027 878 nulla
1039 815 1210 899 pallescere

121 913 223 998 σπῖρα.
255 912 429 977 Auctorem
443 911 614 977 verborum
628 912 838 998 posteriorum
851 911 1020 976 Horatium
1033 935 1098 977 non
1111 914 1210 978 fuisse

120 1021 251 1101 practer
272 1012 337 1077 alia
358 1011 515 1078 absurdus
539 1032 559 1075 a
578 1012 675 1075 nenia
688 1033 859 1097 puerorum
874 1013 1033 1095 transitus,
1055 1014 1212 1078 sententia

120 1132 238 1177 manca
259 1110 389 1198 (ecquid
412 1111 496 1175 enim
517 1133 625 1175 murus
646 1108 699 1174 ille
721 1131 839 1175 aeneus
861 1110 1049 1195 defendstt)
1079 1121 1111 1176 et
1136 1135 1208 1199 per-

122 1209 255 1298 plexum
276 1233 378 1298 genus
400 1209 530 1275 dicendi
550 1211 627 1275 satis
649 1231 808 1296 superque
834 1211 996 1297 aperiunt,
1023 1232 1123 1297 quare
1150 1212 1211 1278 hoc

123 1309 284 1377 emblema
314 1310 496 1376 Meinekius
528 1330 650 1374 summo
682 1310 752 1374 iure
785 1311 1018 1375 exterminavit.
1060 1310 1211 1376 Reddidit

122 1410 277 1476 Horatius
298 1431 356 1475 suo
377 1409 472 1475 modo
494 1409 581 1474 illam
602 1430 774 1496 puerorum
802 1409 1008 1475 cantilenam:
1042 1409 1114 1475 Res
1139 1412 1218 1494 eris,

121 1510 156 1575 si
171 1522 253 1575 recte
265 1511 380 1596 fanis,
400 1510 432 1574 si
448 1533 510 1574 non
521 1510 628 1595 faxis,
650 1530 712 1573 non
732 1509 814 1590 ereb,
827 1509 917 1575 cuius
937 1509 1037 1575 altera
1049 1532 1124 1596 pars
1138 1531 1210 1575 vcr-

123 1630 194 1674 sum
216 1610 454 1696 sexagesimum
475 1609 589 1674 finiens
611 1607 654 1674 ab
675 1606 900 1695 interpolatore
922 1608 1048 1675 sublata
1069 1618 1126 1675 est.

529 1785 665 1860 SM·
693 1786 808 1857 vll.

125 1922 156 1976 V.
174 1925 197 1974 1.
215 1938 271 1990 sqq.
326 1922 508 1989 Proscripti
524 1923 604 1990 Regis
620 1922 709 1988 Rupili
725 1938 774 1988 pus
792 1925 870 1988 atquc
886 1936 1015 1973 renonum
1085 1894 1088 1901 Ι

321 2006 444 2071 Hybrida
462 2022 512 2072 quo
531 2010 608 2071 pacto
625 2007 659 2056 sit
675 2006 779 2056 Persius
795 2005 875 2068 ultus,
892 2006 984 2070 opinor

323 2089 451 2140 Omnibus
467 2092 493 2139 et
508 2089 587 2155 lippis
603 2093 695 2140 notum
710 2092 736 2139 et
751 2088 901 2139 tonsoribus
917 2103 983 2139 esse.
1092 2122 1095 2129 -

206 2204 357 2269 Horatius
378 2203 440 2269 hoc
460 2225 605 2269 sermone
626 2203 715 2268 litem
740 2202 913 2291 quamdam
938 2203 1023 2269 inter
1049 2203 1086 2268 P.
1113 2203 1210 2292 Rupi-

99 2388 102 2393 .
126 2303 204 2369 lium
224 2305 348 2390 Regem
369 2312 401 2368 et
420 2303 575 2387 Persium,
598 2305 830 2389 negotiatorem
851 2301 1104 2387 Clazomenium,
1127 2327 1211 2369 anno

125 2402 284 2469 DOOXH
304 2425 335 2467 u.
360 2425 387 2468 c.
410 2403 444 2466 in
464 2402 509 2467 M.
531 2403 623 2468 Bruti
643 2403 755 2467 castris
777 2403 929 2488 agitatam
958 2410 989 2467 et
1017 2403 1214 2469 contumeliis

126 2505 284 2588 utrimque
314 2503 407 2567 iactis
440 2502 611 2567 admodum
641 2501 854 2586 nobilitatam,
887 2501 939 2566 cui
968 2502 1038 2588 ipse
1069 2503 1214 2569 tribunus

126 2601 269 2666 militaris
289 2602 488 2686 interfuerat,
511 2623 586 2666 eum
607 2601 649 2667 ad
668 2602 765 2666 finem
784 2602 962 2687 descripsit,
982 2610 1017 2669 ut
1029 2602 1214 2668 universum

127 2700 288 2767 hominum
309 2723 410 2786 genus
431 2701 623 2766 maledicum
644 2709 800 2788 carperet.
842 2700 927 2764 Nam
941 2700 1028 2785 qu'od
1041 2700 1215 2767 retulerunt

128 2800 326 2885 scholiastae,
347 2799 506 2887 Rupilium
526 2800 660 2864 inBruti
681 2801 792 2864 castris
809 2794 979 2865 Horatium
995 2821 1093 2886 aegre
1104 2801 1213 2867 tulisse

128 2901 290 2966 tribunum
314 2898 449 2964 militum
477 2893 645 2985 eidemque
674 2900 803 2985 generis
829 2898 1062 2984 ignobilitatem
1087 2902 1215 2987 saepius

130 2999 343 3087 exprobrasse
365 3007 460 3084 atque
481 2998 609 3063 idcirco¹
623 2998 806 3081 Horatium,
827 3010 862 3062 ct
881 3021 914 3062 se
933 2998 1145 3082 ulmsemetur,
1166 3000 1214 3063 in·

128 3101 267 3165 facettim
288 3106 320 3162 et
340 3119 495 3184 arrogans
516 3097 636 3183 Rupilii
657 3098 691 3161 in
712 3096 869 3183 iurgando
899 3118 972 3160 cum
991 3096 1102 3161 Persio
1123 3099 1213 3184 inge·

128 3200 215 3263 nium
242 3198 480 3283 perstrinxisse:
510 3197 587 3280 hoc,
620 3196 821 3282 quantumvis
843 3197 939 3260 etiam
967 3217 987 3260 a
1012 3197 1090 3261 viris
1118 3196 1214 3262 valde

130 3297 261 3363 eruditis
288 3319 346 3384 pro
372 3296 563 3362 documento
589 3296 652 3360 fide
680 3295 867 3381 dignissimo
898 3293 1042 3361 habitum
1074 3295 1127 3380 sit,
1155 3317 1214 3361 nos

129 3398 260 3463 minime
283 3396 478 3480 dubitamus,
505 3397 583 3483 quin
609 3417 650 3461 ex
670 3416 761 3459 mera
780 3394 933 3481 prodierit
959 3396 1141 3460 coniectum
1162 3417 1215 3460 ea·

130 3518 192 3583 que
219 3496 359 3560 maxime
388 3496 479 3561 futili.
522 3496 611 3560 Bene
644 3517 721 3560 sane
752 3503 912 3577 tenemus,
944 3493 1077 3560 Horatio
1108 3503 1216 3582 utpote

130 3595 280 3662 libertino
301 3604 422 3660 tantum
443 3603 532 3682 patre
553 3603 628 3660 nato
648 3593 843 3661 tribunatum
869 3592 1037 3659 militarem
1064 3617 1217 3680 magnam

131 3695 287 3761 conflasse
308 3694 477 3779 invidiam,
498 3694 660 3780 Rupilium
681 3702 788 3758 autem
807 3695 890 3757 inter
905 3694 972 3758 eius
988 3692 1216 3759 obtrectatores

131 3795 229 3860 fuisse
251 3794 396 3880 adeoque
417 3793 522 3859 locum
536 3795 715 3881 principem
726 3793 909 3876 obtinuisse,
923 3800 958 3855 ut
967 3791 1092 3857 ultionis
1105 3814 1217 3858 ansam

135 3893 267 3978 dederit,
282 3916 439 3980 nusquam
453 3903 614 3957 narratum
629 3901 685 3958 est.
719 3891 785 3957 Sed
799 3900 834 3956 ut
853 3891 937 3956 hanc
956 3890 1084 3957 ultionis
1105 3913 1217 3957 ansam

132 3991 360 4077 concedamus,
392 3993 538 4080 praecise
566 4001 673 4056 tamen
700 3992 829 4056 infitiari
850 3987 1024 4075 debemus,
1054 3991 1216 4057 vindictae

132 4114 230 4159 causa
250 4092 349 4157 ullum
369 4113 550 4156 sermonem
572 4091 613 4156 ab
634 4092 769 4156 Horatio
791 4090 1001 4178 compositum
1023 4112 1104 4156 esse.
1133 4090 1215 4156 uan-

133 4191 207 4260 dide
229 4193 315 4259 enim
336 4193 405 4280 ipse
426 4192 588 4280 professus
610 4199 658 4256 est
678 4190 746 4258 Sat.
768 4191 811 4277 Π,
834 4191 863 4274 l,
883 4189 935 4256 39.
972 4189 1038 4342 {qd
1056 4191 1106 4257 bic
1126 4192 1218 4257 stelas
