2678 4642
233 222 294 288 126
500 282 503 287 .
682 238 915 288 oosmcrsuns

230 404 441 470 Horatianum
458 411 513 488 est,
534 425 596 468 nec
615 426 693 470 vero
716 405 759 470 ad
777 416 930 493 putamen
944 425 1076 472 ovorum
1090 403 1144 470 hic
1158 405 1329 494 applican-

233 504 324 588 dum,
351 503 409 568 ubi
435 503 475 568 de
496 503 593 568 rebus
615 504 792 590 disputatur
813 505 998 588 esculentis,
1020 504 1078 569 sed
1100 505 1144 570 sd
1163 505 1331 591 albumen,

231 613 266 668 ut
280 606 382 692 magis
400 604 472 668 albu
487 605 527 667 sit
548 606 649 692 magis
669 605 781 686 albata,
800 625 939 689 quocum
952 624 1090 689 sequens
1106 605 1220 671 ααῖἰααα
1243 605 1280 690 (ἱ.
1298 627 1331 670 e.

231 704 380 790 spissata)
408 701 573 789 praeclare
596 704 743 768 concinit.
787 702 939 768 (laterum
957 702 1078 768 Plinius
1099 706 1170 769 suci
1188 706 1333 771 meliores

232 812 320 868 recte
335 804 561 889 interpretatus
577 811 624 867 est
635 805 788 890 gratioris
801 805 934 888 saporis,
950 825 1048 889 quare
1063 826 1136 868 eum
1149 803 1333 889 Bentleius,

231 904 384 989 ignorans
405 904 433 966 is
455 900 585 988 quidem
607 901 650 966 ad
670 901 737 966 Sat.
759 901 911 987 1‚10,27.
934 903 1012 988 quid
1032 903 1074 968 sit
1091 903 1214 987 Latiae,
1238 926 1331 971 arro·

231 1013 346 1089 gauter
367 1003 483 1066 erroris
506 1001 675 1088 arguebat.

230 1120 262 1172 V.
282 1122 320 1172 15.
337 1135 376 1185 sq.
432 1116 531 1169 Caute
548 1117 707 1179 suburbano,
725 1117 770 1183 qui
787 1117 863 1167 siccis
881 1119 960 1168 crevit
976 1119 1004 1168 in
1021 1119 1099 1186 agris,

428 1200 550 1263 Dulcior;
565 1198 661 1266 irriguo
679 1200 744 1250 nihil
761 1204 800 1250 est
817 1199 912 1250 elutius
928 1201 1012 1252 horto.

316 1299 411 1382 Quod
432 1297 539 1363 caules
562 1307 692 1363 auctore
720 1299 866 1365 Palladio
893 1299 954 1384 III,
982 1300 1033 1383 24,
1061 1299 1091 1365 5.
1120 1299 1269 1386 argillam
1298 1309 1332 1366 et

232 1401 374 1488 glaream
395 1399 523 1482 timere,
545 1397 699 1463 sabulone
723 1407 754 1464 et
775 1400 881 1464 arenis
902 1422 968 1464 non
990 1399 1143 1465 delectari
1164 1399 1330 1485 dicuntur,

232 1503 293 1566 nisi
316 1499 467 1587 perennis
488 1498 575 1562 unda
598 1507 778 1582 succurrat,
806 1499 841 1563 id
861 1499 935 1564 huic
962 1498 1050 1584 loco,
1077 1500 1134 1565 ubi
1162 1499 1202 1564 de
1232 1499 1329 1566 caule

233 1602 371 1666 dulmbre
394 1607 425 1663 et
445 1599 573 1662 elatiore
586 1597 688 1662 verba
705 1597 792 1682 fiunt,
814 1620 879 1663 non
895 1600 1098 1683 contrarium,
1121 1599 1180 1663 sed
1192 1620 1329 1686 prorsus

233 1698 372 1766 alienum
388 1706 445 1762 est.
474 1697 556 1761 Item
569 1706 742 1783 praecepto
762 1720 794 1763 v.
811 1698 862 1762 21.
885 1721 955 1784 sqq.
984 1699 1043 1763 Ille
1064 1700 1205 1764 salubres
1226 1712 1328 1764 aesta·

233 1815 278 1866 tes
297 1810 447 1886 peraget,
476 1798 532 1884 qui
556 1798 658 1884 ur'prr‘s
674 1797 821 1882 prandia
846 1801 944 1864 morus
969 1800 1074 1885 finiet,
1103 1810 1173 1862 ante
1196 1822 1327 1886 prooem

231 1923 311 1988 quae
331 1899 439 1985 lepcrr‘t
469 1897 580 1960 arbore
607 1897 700 1960 solem
729 1918 892 1984 opponere
920 1921 986 1963 non
1012 1898 1087 1963 licet
1106 1897 1209 1963 verba
1228 1897 1327 1963 Plinii

231 2001 275 2065 H.
289 1998 330 2063 N.
345 1995 474 2075 XXIII,
498 1996 547 2059 70.
580 1995 659 2081 Ιρεα
676 2019 772 2081 poma
795 1995 911 2082 (mora)
934 1997 1145 2084 adpraesens
1165 1998 1324 2063 stomacho

230 2100 323 2164 utilia
347 2097 552 2184 refrigerant,
580 2096 666 2159 sitim
682 2097 831 2182 factunm
861 2099 894 2161 si
920 2120 983 2162 uon
1010 2099 1207 2184 superveniat
1241 2097 1324 2162 altus

232 2200 328 2280 cubus,
350 2199 563 2260 retorrescunt.
606 2195 691 2265 Nam
712 2195 822 2261 Catius
850 2197 945 2283 nigra
965 2218 1056 2262 mora
1084 2205 1158 2261 ante
1186 2218 1322 2282 gravm

233 2298 333 2364 solem
353 2294 437 2359 lecta
457 2293 675 2380 praescripsit,
708 2295 748 2360 de
771 2295 885 2380 quibus
907 2296 994 2382 apud
1013 2296 1152 2361 Plinium
1171 2294 1253 2360 nihil
1273 2318 1322 2360 re·

232 2398 385 2486 perimus.
427 2393 497 2457 Nec
518 2394 635 2457 rectius
658 2397 834 2460 sententiae
854 2419 886 2461 v.
908 2396 959 2461 59.
983 2418 1030 2482 sq.
1059 2396 1182 2460 lactuca
1201 2397 1325 2461 abaetat

232 2498 304 2562 acri
320 2506 394 2581 post
419 2493 525 2556 unum
555 2494 711 2557 stomacho
744 2490 912 2559 adversari
938 2495 1038 2560 fertur
1062 2493 1186 2559 Plinius
1213 2494 1259 2560 H.
1280 2494 1322 2560 N.

230 2594 360 2677 XXIII,
388 2592 438 2656 22.
471 2593 570 2656 Dulce
601 2590 737 2676 (vinum)
770 2595 872 2657 miuus
902 2595 1044 2676 rbebrtat,
1076 2592 1134 2658 sed
1164 2595 1322 2659 stomacho

230 2698 367 2775 cunctat,
398 2705 556 2756 austerum
578 2692 717 2779 faeilrus
749 2695 956 2778 concoquitur.
1011 2692 1121 2759 Catius
1157 2694 1245 2758 enim
1281 2693 1323 2760 de

231 2794 367 2876 lactuca,
388 2791 510 2856 Plinius
533 2791 573 2855 de
595 2791 670 2855 vino
691 2790 838 2876 loquutus
861 2801 917 2857 est.

230 2912 262 2964 V.
280 2911 320 2963 37.
337 2925 375 2975 sq.
429 2908 484 2958 Nec
501 2908 565 2957 satis
583 2911 630 2969 est,
647 2923 709 2957 cara
725 2909 810 2972 pisces
828 2924 977 2960 averrere
993 2924 1083 2960 mensa

428 2991 561 3058 Ignarum,
579 2991 674 3056 quibus
691 2992 788 3041 estius
806 2994 892 3057 aptius
908 3024 990 3033 —

314 3092 448 3157 Variam
469 3090 638 3154 lectionem
659 3103 796 3156 auertere
822 3099 910 3155 recte
937 3091 1020 3180 tueri
1043 3091 1170 3176 nequis,
1203 3094 1324 3160 etenim

233 3213 309 3258 cara
329 3213 441 3255 mensa
462 3198 556 3275 atque
577 3191 683 3276 pisces
706 3191 783 3276 quin
804 3188 866 3253 sint
886 3190 1013 3273 cetarii,
1035 3188 1123 3255 haud
1144 3190 1324 3259 dubitabile

233 3302 296 3376 est,
328 3311 427 3377 quare
465 3312 541 3353 cara
570 3291 679 3374 pisces
713 3301 850 3353 avertere
881 3312 988 3353 mensa
1017 3290 1039 3354 i.
1072 3313 1103 3376 q.
1136 3314 1228 3357 caros
1255 3295 1324 3379 pis·

232 3417 282 3458 ces
303 3391 418 3456 ceteris
443 3387 627 3469 subducere,
660 3388 695 3453 id
716 3387 801 3475 quod
823 3411 843 3452 a
871 3386 954 3453 Catii
981 3396 1086 3454 mente
1113 3388 1324 3456 vehementer

232 3489 363 3556 abludit.
400 3488 465 3568 Qui
486 3487 616 3572 quidem
637 3487 757 3551 nullum
778 3487 1031 3574 supplementum
1053 3488 1188 3553 arduum
1211 3491 1322 3556 existi·

231 3599 354 3656 mantes
376 3587 419 3651 ad
438 3585 572 3651 verbum
602 3599 737 3650 auertere
763 3589 956 3672 cogitatione
983 3587 1104 3652 addunt
1129 3589 1205 3652 atis
1231 3604 1324 3656 cauto·

230 3692 327 3771 ribus,
351 3696 436 3753 certe
457 3708 522 3749 non
548 3684 694 3750 oblivisci
722 3686 896 3770 debebant,
928 3688 1033 3773 pisces
1067 3695 1226 3753 emtorum
1257 3711 1324 3756 non

231 3791 336 3874 magis
359 3788 496 3851 existere
518 3808 615 3871 quam
637 3808 745 3850 caram
759 3807 912 3869 mensam,
931 3786 1104 3851 emtoribus
1121 3809 1200 3874 ergo
1214 3789 1324 3876 pisces

232 3889 360 3953 omnino
379 3890 448 3950 'non
467 3907 562 3972 posse
585 3886 697 3950 averti.
740 3885 802 3948 Est
829 3894 935 3950 autem
957 3910 1034 3950 cura
1046 3886 1156 3972 pisces
1177 3911 1325 3957 averrere

230 4000 337 4053 measa
356 3986 430 4050 huic
450 3985 521 4049 loco
543 3986 789 4071 perappositum.
821 3985 932 4049 Pisces
955 3984 1079 4050 scilicet
1092 4008 1208 4053 mensa
1229 4012 1324 4056 aver·

230 4096 349 4170 runtur‚
371 4087 399 4151 si
419 4084 505 4150 nullo
520 4085 630 4149 relicto
645 4084 754 4149 tabula
767 4084 802 4147 fit
815 4107 899 4149 rasa.
935 4084 1097 4166 Quocirca
1119 4110 1199 4154 carc
1217 4114 1326 4179 pisces

230 4209 372 4252 auerrm
392 4209 498 4252 suasa
518 4206 583 4250 non
604 4184 764 4270 significat
785 4185 922 4249 celeriter
943 4185 1127 4272 copulaque,
1159 4189 1222 4256 sed
1242 4216 1325 4260 sum.
