2678 4642
397 234 432 282 rr
454 233 644 283 sarmarum
665 236 795 284 omnum
815 237 948 284 rnlnun
1178 228 1220 287 tia

127 398 279 467 convenit
299 397 408 464 Oarm.
429 397 487 483 IV,
511 400 539 484 1,
561 402 611 466 38.
634 422 704 488 sqq.
725 402 791 466 sirm
812 413 935 488 coptam
955 400 1053 484 teneo,
1082 403 1147 468 inm
1166 427 1217 469 oo-

123 499 241 575 horem
261 523 372 586 aequor
393 512 421 563 te
428 524 491 586 per
508 502 653 589 pronosim
667 502 784 566 Martii
795 502 906 587 compi.
934 499 1001 566 Sat.
1013 501 1057 584 II,
1069 502 1098 567 7.
1113 504 1216 589 prino.

99 594 200 665 'Iam
220 598 339 664 dadam
370 599 508 664 amendia
540 612 569 664 et
600 600 725 685 cupieos
757 601 818 665 tr‘bc'
846 600 949 666 dicere
979 625 1086 666 sarona
1112 626 1218 688 pauco

122 698 310 786 reformido.

122 863 157 916 V.
175 865 231 916 125.
249 879 288 930 sq.
326 863 374 914 Ast
390 863 437 914 ubi
452 879 493 914 me
509 864 608 914 fessum
624 863 664 915 sol
681 865 765 915 acrior
780 864 817 914 ira
833 864 950 916 lavatum

185 934 188 939 ’
324 946 472 1010 Admonuit,
489 946 562 1013 fugio
580 962 725 1013 campum
749 947 920 1015 lusumque
944 949 1111 1016 trigonam.

211 1093 318 1175 Quam
344 1095 428 1161 male
460 1096 663 1182 grammatici
693 1095 830 1161 Romani
860 1104 1009 1183 poemata
1038 1097 1217 1164 Horatiana

123 1196 342 1278 tractaverint,
363 1193 417 1260 hic
437 1194 527 1260 locus
548 1204 677 1282 praeter
696 1194 808 1260 multos
831 1194 912 1261 alios
927 1196 1093 1282 splendide
1109 1198 1215 1264 decla·

124 1300 185 1357 rat.
218 1292 369 1379 Plerique
392 1295 477 1358 enim
497 1293 559 1359 Lb.
580 1292 676 1359 MSS.
698 1303 862 1382 praestant
880 1296 978 1383 supro
1005 1297 1129 1362 rabiosi
1145 1311 1216 1364 tam-

119 1414 207 1478 pora
229 1393 320 1480 ar'par,
343 1393 428 1458 solus
450 1394 688 1479 antiquissimus
708 1394 895 1459 Blandinins
912 1417 984 1460 cum
1000 1418 1063 1460 uno
1075 1396 1216 1463 alterove

123 1493 305 1557 recentiore
318 1494 417 1580 sapio
440 1517 582 1579 campum
602 1494 758 1580 lusumque
786 1495 944 1580 trapoaem.
986 1494 1099 1581 Neque
1121 1496 1213 1562 dnbi-

122 1597 193 1655 tare
214 1612 390 1677 possumus,
413 1593 490 1678 quin
510 1601 644 1678 utraque
664 1593 759 1657 lectio
782 1602 963 1680 pervetusta
984 1594 1032 1677 sit,
1059 1597 1211 1680 quoniam

122 1687 259 1754 alteram
272 1691 337 1754 iam
352 1690 542 1756 scholiastae
556 1692 682 1756 Horatii
704 1694 828 1777 sequuti
849 1701 929 1776 sunt,
951 1692 1085 1759 alteram
1105 1705 1210 1761 vetus-
1305 1755 1307 1758 .

122 1787 263 1854 tissimus
285 1790 426 1854 omnium
447 1789 529 1866 odd,
545 1791 717 1855 confirmat,
749 1791 870 1856 Neutra
888 1803 997 1857 tamen
1021 1793 1063 1858 ab
1077 1794 1213 1861 Horatio

122 1889 270 1975 profecta
291 1898 347 1953 est.
390 1889 520 1954 Etenim
540 1891 663 1956 rabiosi
684 1904 823 1976 tempora
848 1892 937 1979 aipai
953 1913 1018 1956 non
1037 1902 1129 1979 potes
1150 1917 1215 1960 non

123 1988 247 2052 referre
269 1987 311 2052 ad
332 1989 424 2053 colem
445 1991 606 2054 acriorem.
649 1990 769 2076 Ecquis
791 2011 869 2055 vero
895 1991 988 2065 oolam
1008 1994 1162 2058 acriorem
1183 2001 1216 2059 et

123 2099 265 2173 temporo
284 2089 371 2175 aa'pai
393 2089 516 2153 rabiosi
543 2111 642 2152 unum
666 2089 816 2175 idemque
842 2089 1026 2176 significare
1053 2091 1115 2156 sibi
1140 2115 1213 2180 per-

123 2186 282 2265 suadeat?
314 2187 358 2251 Et
378 2188 407 2251 si
427 2196 594 2273 utrumque
615 2187 712 2274 plane
730 2189 816 2253 idern
830 2189 998 2276 significet,
1020 2212 1214 2278 quamquam

123 2284 260 2367 alterum
282 2287 414 2368 (rabiosi
432 2300 568 2372 tempora
593 2287 688 2375 aspar)
714 2286 794 2352 nihil
815 2287 903 2352 aliud
922 2310 1018 2375 quam
1043 2283 1110 2355 dies
1130 2293 1214 2357 caai-

126 2385 248 2450 culnrcs
269 2385 440 2472 designare
465 2395 582 2473 potest,
614 2387 685 2472 quis
710 2387 1080 2454 Horatiumeffutivisse
1105 2389 1215 2456 credat
1334 2401 1337 2406 '

67 2536 74 2546 .
121 2485 180 2549 oti
196 2507 243 2548 me
258 2485 384 2570 fessum
404 2486 453 2549 ool
471 2487 576 2550 acrior
595 2488 643 2551 ire
662 2487 798 2551 montom
819 2482 988 2570 admonuit,
1001 2489 1100 2577 sapio
1119 2491 1214 2556 solem

121 2583 296 2648 acriorem?
330 2584 553 2671 Exspectabas
575 2584 689 2650 saltem
716 2586 872 2673 apodosin
896 2610 935 2655 ,ec
960 2588 1111 2672 lavatam,
1137 2611 1215 2654 nam

121 2679 204 2747 haec
225 2704 279 2746 res
302 2692 349 2747 est
369 2685 473 2770 potior
493 2706 555 2749 nec
576 2684 624 2749 sol
644 2687 703 2750 iste
724 2687 837 2770 acrior,
860 2688 949 2752 cuius
966 2687 1081 2752 iterata
1094 2689 1213 2753 mentio

124 2781 166 2846 ab
188 2780 425 2868 elegantissimo
452 2792 560 2848 nostro
591 2794 687 2870 poeta
718 2807 815 2870 quam
844 2787 986 2851 maxima
1017 2787 1121 2852 aliena
1154 2795 1211 2854 est.

114 2869 190 2947 Otr.
213 2881 256 2946 ad
277 2879 343 2945 Sat.
365 2881 392 2964 I,
416 2882 443 2962 1,
465 2882 515 2946 23.
551 2882 722 2948 Praeterea
749 2893 860 2950 auctor
885 2885 978 2951 huius
1005 2885 1150 2951 lectionis
1177 2909 1213 2952 se

89 2996 92 3001 ·
123 2977 231 3045 locum
251 2979 362 3044 tollere
383 3002 448 3045 non
468 2981 564 3065 vidit,
586 2982 671 3047 unde
692 2983 773 3068 fugit
792 2983 959 3068 Horatius,
981 2986 1026 3051 ita
1046 2994 1080 3049 nt
1100 2994 1212 3051 unctus

124 3078 209 3144 olivo
230 3088 296 3144 tam
317 3080 372 3143 diu
393 3081 551 3167 apricatus
574 3102 645 3146 esse
659 3081 815 3166 videatur,
838 3084 944 3169 quoad
958 3106 1031 3148 eum
1046 3083 1093 3149 sol
1106 3086 1213 3150 acrior

122 3179 171 3244 ire
197 3179 339 3244 lavatum
367 3178 576 3244 admonuerit.
618 3180 703 3245 Nam
729 3183 783 3268 qui
801 3184 900 3270 sopio
927 3184 1051 3248 rabiosi
1075 3197 1213 3269 tempora

122 3279 210 3366 ciprii
228 3277 383 3365 explicari
404 3278 518 3344 voluit:
548 3280 685 3366 reicitque
718 3304 860 3367 campum
885 3283 989 3369 ibr'qaa
1017 3286 1140 3348 morari
1162 3283 1213 3348 dc·

122 3380 185 3443 vito
206 3378 260 3442 illo
289 3377 356 3442 diei
379 3391 526 3464 tempore,
552 3401 611 3466 qao
632 3380 708 3444 solos
733 3393 836 3445 asama
860 3384 995 3448 maasiae
1019 3384 1131 3465 acem‘t,
1157 3382 1212 3448 ille

122 3477 266 3564 profecto
288 3500 378 3541 suam
399 3477 493 3543 modo
515 3488 653 3543 mentem
666 3479 806 3566 aperuit,
819 3501 924 3565 neque
939 3481 1125 3567 quisquilias
1138 3482 1211 3547 red-

124 3575 205 3641 didit
234 3576 479 3663 interpolatoris.
522 3578 571 3661 Is,
603 3578 637 3642 ni
668 3578 776 3663 fallor,¹
808 3578 909 3643 solum
939 3602 1071 3646 assuere
1102 3580 1211 3667 voluit,

123 3673 296 3741 Horatium
318 3677 430 3742 diebus
454 3677 688 3742 canicularibus
708 3701 762 3743 rus
784 3679 897 3764 fugere
918 3679 1044 3744 solitum
1058 3702 1148 3768 esse.

204 3776 326 3840 Verum
347 3776 434 3861 quod
454 3776 618 3841 Bentleius
641 3799 684 3842 ex
705 3778 920 3864 antiquissimo
946 3776 1017 3843 MS.
1038 3779 1210 3845 Blandinio

121 3874 262 3958 reduxit,
286 3899 426 3961 campum
446 3877 604 3962 lassosque
625 3878 788 3964 tripoaam,
815 3875 891 3960 hoc,
913 3877 1026 3941 sinon
1047 3900 1148 3964 aeque
1169 3901 1210 3944 ac

122 3976 244 4040 rabiosi
262 3987 400 4061 temporo
420 3976 506 4062 ar‘pai
523 3977 674 4061 spurium,
692 3986 779 4042 certo
797 3974 940 4041 nonnihil
955 3986 1137 4064 corruptum
1152 3986 1209 4043 est.

122 4071 211 4138 Dicit
230 4074 359 4159 quidem
373 4073 546 4158 Bentleius,
567 4083 622 4139 aut
635 4097 670 4139 se
686 4076 817 4162 egregie
838 4075 907 4140 falli
927 4083 982 4141 aut
1000 4075 1086 4141 illam
1108 4076 1210 4142 solum

123 4173 282 4240 sinceram
302 4172 470 4240 lectionem
492 4195 562 4239 esse
592 4183 624 4240 et
650 4175 816 4242 Venusina
841 4174 973 4243 lucerna
1003 4175 1150 4266 dignam,
1177 4185 1211 4243 at

994 4277 1011 4326 ὖ
