2678 4642
222 221 261 286 18
648 235 882 286 conuersum

222 402 287 468 Cur
308 402 439 489 insuper
459 399 545 467 solus
565 401 658 467 miles
679 401 819 490 epitheto
835 423 892 467 suo
914 409 1032 486 careat,
1055 402 1168 467 ceteris
1190 401 1306 466 ordini·

220 501 282 568 bus
302 523 367 566 non
387 501 568 565 inornatis?
603 501 664 566 His
686 501 821 587 aliisque
842 501 883 566 de
905 501 1011 566 causis
1032 523 1096 565 non
1118 501 1307 585 dubitamus,

221 602 297 688 quin
311 623 428 665 nomen
443 624 542 687 caupo
557 601 797 687 suppositicium
812 609 843 666 et
857 624 974 687 cumpo,
998 601 1084 686 quod
1097 600 1203 688 plures
1218 601 1307 664 Feae

222 701 305 767 Cdd.
335 709 518 782 servarunt,
550 701 710 764 sincerum
742 701 792 766 sit.
840 699 954 786 Aeque
982 710 1087 765 autem
1113 700 1308 764 adiectivum

213 800 359 888 perfidus
380 799 494 865 falsum
516 807 577 881 est,
607 799 765 885 siquidem
791 800 946 887 perfidiae
968 809 1043 864 nota
1069 800 1110 864 ab
1138 797 1199 863 hoc
1225 799 1307 881 loco,

221 901 277 966 ubi
299 900 339 965 de
362 899 429 965 solo
451 899 616 963 disseritur
636 897 758 982 labore,
779 901 907 964 omnino
929 899 1088 963 abhorret.
1122 897 1224 979 Quale
1240 899 1307 986 cpi-

220 999 329 1064 theton
351 999 393 1064 ab
414 997 547 1062 Horatio
568 998 746 1084 profectum
768 999 817 1082 sit,
840 996 985 1085 epithetis
1001 997 1163 1084 agricolae
1179 1006 1210 1062 ct
1224 1021 1307 1062 mer-

221 1100 336 1164 catoris
365 1106 641 1180 commonstretur,
672 1097 794 1162 scilicet
821 1097 900 1181 tale,
928 1120 992 1184 quo
1017 1097 1108 1162 miles
1136 1097 1238 1161 dietus
1260 1106 1308 1163 est

220 1197 410 1263 laboriosus.
464 1196 561 1276 Quod
584 1218 681 1282 quum
704 1196 833 1284 plurimi
856 1221 912 1262 vv.
939 1197 993 1261 dd.
1014 1219 1078 1261 non
1099 1197 1307 1279 attenderent,

220 1296 398 1384 permultae
411 1297 612 1360 coniecturae
626 1296 839 1361 alienissimae
855 1305 1040 1383 expromtae
1052 1306 1133 1361 sunt.
1156 1296 1308 1361 Omnium

219 1396 362 1460 maxime
383 1393 554 1459 laudabilis
576 1404 624 1459 est
651 1394 788 1460 Obbarii
814 1393 954 1479 petulcus.
1004 1395 1123 1460 Nescio
1155 1418 1233 1460 vero
1264 1419 1311 1460 an·

220 1503 316 1581 poeta
331 1495 494 1580 scripserit
513 1493 635 1576 perlitus
657 1494 708 1558 lu'o
725 1517 833 1580 compo
852 1495 946 1578 mileu
965 1504 1114 1580 sequutus
1129 1495 1307 1560 Homerum

219 1593 258 1659 Il.
285 1592 346 1678 Ill,
373 1593 422 1658 14.
451 1605 530 1680 μάλα
547 1608 577 1660 δ’
592 1598 652 1660 ὦκα
663 1608 819 1682 διέπρησσον
837 1608 947 1663 πεδίοιο.
992 1593 1058 1659 Ofr.
1089 1594 1231 1660 Melnek.
1264 1594 1307 1660 all

223 1692 330 1757 Oarm.
353 1692 379 1776 Ι,
401 1693 452 1776 31,
473 1693 503 1758 5.

219 1793 252 1846 V.
269 1793 309 1846 ol.
327 1807 383 1859 sqq.
420 1792 456 1842 At
473 1793 544 1843 bona
559 1807 621 1857 pars
637 1791 771 1843 hominum
787 1792 898 1857 decepta
913 1792 1034 1857 cupidine
1050 1793 1127 1855 saiso,

417 1875 460 1926 Nil
477 1876 541 1926 satis
558 1880 603 1939 est,
619 1876 711 1941 inquit,
729 1876 790 1941 quia
806 1876 880 1938 tanti,
898 1880 1023 1941 quantum
1039 1875 1146 1946 liabens,
1163 1878 1207 1929 sis.

419 1959 487 2020 Quid
503 1958 586 2007 facias
601 1958 656 2008 illi?
673 1959 769 2009 Iubeas
786 1959 931 2007 miserum
948 1974 1005 2008 esse
1021 1958 1056 1996 -¹

303 2039 460 2106 Notabilis
483 2049 530 2104 est
551 2041 732 2105 criticorum
747 2040 902 2105 dissensio
917 2040 958 2105 de
972 2039 1130 2106 vocabulo
1151 2041 1304 2123 musarum,

221 2141 308 2225 quod
329 2141 362 2203 in
384 2139 530 2204 omnibus
551 2161 655 2225 paene
676 2139 737 2204 Lb.
753 2138 849 2204 MSS.
866 2148 1027 2227 repertum
1040 2141 1194 2226 imprimis
1208 2139 1305 2203 Bent·

220 2238 301 2303 leius
314 2240 347 2303 in
357 2240 503 2303 russorum
514 2238 657 2303 converti
667 2239 776 2303 voluit.
806 2238 926 2304 Contra
940 2237 1115 2304 Gesnerus:
1126 2240 1305 2324 „frequens

220 2339 336 2424 inquit,
364 2338 457 2402 nimis
480 2345 527 2402 cst
548 2336 581 2401 in
601 2337 718 2402 talibus
744 2339 883 2423 synesis3
914 2338 1009 2402 nimis
1035 2349 1129 2424 grata
1153 2338 1224 2402 talis
1249 2361 1305 2402 ne-

221 2437 385 2524 gligentia,
408 2458 504 2522 quam
525 2446 558 2514 ut
579 2436 804 2522 corrigendam
823 2445 931 2523 putem
953 2460 1081 2502 manum
1099 2437 1219 2521 Flacci,
1240 2460 1305 2502 non

220 2536 315 2601 modo
336 2535 573 2601 librariorum.“
603 2535 739 2601 Wolfius
760 2537 905 2600 miseram
926 2535 1008 2600 adeo
1029 2537 1175 2602 Romano
1197 2538 1306 2602 sensui

220 2658 402 2722 repugnare
434 2635 636 2701 existimauit.
689 2633 893 2699 Heindorlius
931 2635 1102 2701 Horatium
1136 2638 1306 2723 praemissi

150 2801 152 2806 .
219 2736 356 2800 nominis
369 2759 454 2821 pars
474 2733 606 2800 oblitum
618 2735 764 2800 matorum
778 2735 965 2821 apposuisse
980 2738 1125 2822 opinatus
1141 2746 1197 2819 est,
1220 2737 1306 2822 quod

219 2845 353 2899 naturae
374 2835 480 2920 magis
502 2843 749 2898 consentaneum
764 2857 803 2899 ac
816 2836 980 2898 venustius
994 2834 1149 2901 videatur.
1183 2837 1306 2900 Verum

221 2935 367 3000 omnibus
402 2933 451 2998 his
484 2934 651 2998 enuntiatis
682 2955 724 2997 ne
754 2933 920 2997 minimum
951 2934 1079 3020 quidem
1110 2935 1304 3022 proficimus.

219 3032 404 3119 Peruagata
430 3055 508 3098 sane
536 3041 584 3097 est
609 3033 799 3097 constructio
825 3033 869 3097 ad
895 3055 1039 3117 sensum,
1071 3034 1116 3098 ita
1145 3043 1180 3097 ut
1209 3043 1306 3120 poeta

220 3135 337 3220 optime
364 3132 472 3196 dicere
500 3140 609 3220 posset
631 3130 757 3219 'dacaru’
778 3171 820 3182 —
846 3132 911 3198 allis
934 3172 976 3182 —
1003 3135 1141 3215 miseros,
1163 3134 1209 3196 uti
1229 3135 1304 3198 Liv.

219 3233 260 3316 V,
281 3232 332 3296 40.
346 3256 431 3319 pars
447 3256 507 3319 per
528 3255 621 3320 apros
643 3230 782 3318 dilapsi,
794 3256 875 3319 pars
900 3233 992 3296 urbes
1008 3245 1120 3319 pateat
1136 3232 1303 3318 finitimus.

220 3329 338 3396 Salust.
367 3331 439 3417 Iug.
470 3330 519 3395 14.
542 3355 624 3417 pars
650 3332 685 3396 iu
713 3355 832 3396 uocem
859 3333 931 3414 uoti,
955 3356 1036 3418 pars
1063 3332 1168 3395 bests'is
1195 3333 1309 3397 obiecti

219 3443 299 3495 suat.
342 3430 426 3495 Ibid.
448 3429 499 3495 58.
520 3454 634 3517 oropus
647 3454 730 3516 pars
750 3431 906 3496 munerati
927 3444 982 3496 out
1007 3432 1110 3496 occisi.
1153 3431 1304 3495 Attamen

219 3530 429 3595 masculinum
449 3551 552 3617 genus
573 3531 697 3595 numeri
725 3529 912 3616 singularis,
942 3531 1091 3616 quoniam
1120 3530 1199 3595 bonu
1220 3556 1305 3617 pars

219 3629 374 3695 homziaum
393 3651 458 3693 non
478 3651 576 3693 unum
595 3627 765 3712 hominem,
787 3629 846 3694 sed
866 3629 980 3695 multos
996 3629 1223 3716 complectitur,
1245 3631 1302 3693 uti-

219 3751 281 3815 que
302 3728 470 3793 offensioni
491 3749 563 3793 esse
583 3737 696 3816 potest.
733 3727 800 3794 Sed
820 3729 855 3793 id
875 3751 1001 3816 quoque
1022 3729 1146 3794 idoneis
1167 3731 1301 3794 auctori-

168 3816 175 3826 ·
219 3827 279 3893 bus
300 3847 364 3892 non
387 3836 490 3912 caret,
521 3850 550 3893 e.
573 3851 623 3914 gr.
645 3827 738 3914 Virg.
760 3827 842 3892 Aen.
865 3828 936 3892 624.
958 3851 1004 3915 sq.
1025 3854 1109 3915 pars
1128 3827 1230 3915 podas
1256 3830 1304 3893 a'ra

215 3941 313 4014 parat
334 3929 460 4014 campis,
475 3951 559 4015 pars
580 3927 700 3991 arduus
721 3927 793 3991 ultas
806 3927 1037 4014 pulverulentus
1059 3931 1144 4014 equis
1156 3930 1254 4016 furat.

219 4027 250 4078 V.
268 4028 309 4080 86.
327 4043 383 4094 sqq.
419 4028 531 4089 Miraris,
548 4041 629 4091 quum
643 4031 673 4075 tu
690 4031 797 4092 argento
814 4032 873 4093 post
890 4028 976 4079 omnia
992 4044 1084 4093 ponas,

416 4109 445 4160 Si
461 4125 535 4159 nemo
553 4112 667 4174 praestet
683 4125 758 4173 quem
775 4126 828 4160 non
844 4111 971 4160 merearis·
981 4112 1110 4162 amorem?

415 4192 454 4243 At
470 4193 497 4242 si
513 4196 652 4258 cognatos,
667 4191 740 4242 nullo
757 4197 851 4243 natura
867 4192 958 4243 labore
