2678 4642
296 292 299 297 ,
393 231 428 283 ιιι
448 215 639 283 staminum
659 232 788 282 annun
808 233 942 282 samum
1097 264 1100 270 .
1171 219 1211 284 97

121 401 216 467 Adde
238 400 307 466 Sat
329 401 355 484 Ι,
379 404 407 486 1,
430 401 500 466 108
523 423 592 488 sq.
617 399 717 491 Nemo
738 411 773 464 ut
800 422 915 519 auarus
941 422 974 464 se
991 400 1157 486 probuti.
1180 425 1211 471 e.

120 527 210 567 suam
231 515 354 566 sortem.

121 619 153 671 V.
170 621 212 670 86.
228 633 284 685 sqq.
322 617 385 667 Men
399 620 505 667 moveat
520 616 603 666 cimex
619 613 823 665 Pantillinst
840 617 887 665 aut
903 616 1000 666 cruciet
1016 615 1088 684 qnod

318 699 428 751 vellicet
444 699 579 749 absentem
595 699 750 761 Demetrius,
767 701 814 748 aut
830 697 902 763 qnod
918 698 1021 764 ineptus

318 783 438 833 Fannius
454 782 628 848 Hermogenis
644 781 733 831 laedat
749 781 860 831 conviva
876 781 990 848 Tigelli?
1023 842 1026 846 λ

204 882 266 947 Ριο
292 881 424 968 vulgato
449 881 534 945 Pam
535 880 608 946 dim
635 879 744 944 malim
774 901 816 944 ex
835 879 995 945 nonnullis
1015 881 1106 948 Fene
1128 882 1212 950 Cdd.

122 981 291 1047 Pautillaus
310 982 468 1063 revocari,
490 981 608 1067 quippe
629 1002 746 1045 nomen
766 1002 832 1044 non
852 980 957 1044 minus
980 979 1140 1048 Graecum
1166 992 1214 1049 est

124 1103 221 1167 quam
240 1082 432 1161 Pantolabum
452 1079 590 1166 aliaque,
613 1102 693 1166 quae
714 1079 758 1144 ad
779 1078 847 1144 Sat.
867 1080 893 1164 Ι,
917 1079 945 1164 l,
967 1079 1017 1145 95.
1041 1066 1212 1149 attulimus.
1295 1148 1298 1154 ,

123 1176 269 1246 Mendax
299 1180 471 1246 scholiasta
492 1177 599 1264 Oruq.
631 1178 727 1245 ¹uilem
753 1187 938 1266 poetamet
925 1179 1048 1246 tmale
1077 1182 1215 1249 olentem

124 1290 235 1367 aperte
256 1278 434 1345 secundum
446 1277 549 1344 vilitat
536 1287 601 1342 tem
623 1286 654 1342 et
673 1276 794 1343 malum
815 1279 996 1344 odorem
968 1282 1090 1346 cimicis
1111 1282 1213 1368 finxit,

125 1380 184 1445 cui.
198 1378 331 1444 ridiculo
352 1378 520 1444 mendacio
543 1376 685 1443 dolemus
706 1378 828 1466 passim
849 1377 946 1444 fidem
967 1368 1109 1446 habitam
1131 1404 1214 1449 esse.

125 1478 276 1544 Ceterum
297 1480 400 1545 verba
418 1481 465 1544 ita
486 1476 688 1567 expedienda
709 1486 794 1543 sunt:
822 1503 892 1544 meu
919 1481 1020 1545 minem
1045 1474 1227 1548 Pauta‘ttaus'

125 1579 263 1643 moueat?
283 1602 357 1644 men
380 1579 503 1660 cruciet,
532 1591 587 1642 aut
607 1576 692 1662 quod
709 1577 886 1643 Demetm‘us
912 1579 1064 1645 absentem
1088 1582 1214 1666 sedicet,

126 1690 181 1742 aut
201 1678 286 1764 quod
306 1687 365 1744 etc.
324 1676 558 1743 tSimiliter
579 1689 633 1740 aut
653 1677 820 1742 traiectum
841 1686 889 1742 est
909 1677 976 1752 Sat.
991 1680 1017 1764 Ι,
1033 1680 1063 1764 6,
1080 1682 1149 1747 122.
1166 1705 1214 1768 sq.

122 1791 194 1865 post
214 1779 294 1844 bauc
314 1803 412 1866 uapor
432 1790 487 1843 aut
508 1801 562 1865 epo
583 1776 735 1842 bectot
681 1788 735 1842 aut
755 1779 871 1864 sarepta
876 1826 885 1860 ,
913 1778 999 1865 quod
1016 1804 1064 1845 me
1086 1783 1214 1848 tacitum

125 1880 217 1943 iuvet.

125 1994 156 2047 V.
174 1996 214 2047 st.
231 2009 270 2061 sq.
524 1994 527 2000 '
666 1990 743 2042 simul
758 1991 799 2061 iiis
815 1996 849 2056 te,
867 1994 978 2044 candide
993 1995 1086 2058 Fumi,-

325 2075 516 2141 Complures
532 2073 599 2126 alios
614 2104 696 2118 --

208 2174 340 2261 Aliquot
370 2173 453 2240 Odd.
481 2174 723 2261 compluresque,
758 2172 846 2260 quod
876 2172 1083 2241 Heindorfius
1110 2109 1215 2244 lenius

127 2275 247 2340 ducens
268 2276 372 2339 minus
393 2283 480 2340 recte
501 2274 639 2360 recepit,
668 2273 819 2358 quoniam
845 2259 1025 2363 asyndeton
1053 2279 1214 2344 recensio·

126 2397 201 2440 nem
223 2374 395 2461 quamdam
421 2375 584 2461 aptissime
612 2371 782 2459 abrumpit.
825 2371 882 2438 Sic
902 2373 970 2440 Sat.
991 2376 1018 2460 I,
1042 2378 1070 2460 1,
1092 2377 1143 2443 39.
1166 2401 1215 2466 sq.

125 2499 221 2560 aeque
235 2475 339 2558 Ιιιίιιιι,
361 2476 453 2562 a'yuu's,
474 2497 569 2555 saure,
582 2474 720 2561 ferrum,
743 2473 792 2537 aab
809 2472 904 2538 obstet
925 2476 990 2539 tabi.
1012 2475 1039 2561 Ι,
1061 2477 1091 2560 2,
1115 2478 1143 2542 l.
1166 2501 1215 2565 sq.

125 2575 372 2642 Ambubaiarum
391 2574 527 2661 callepio,
535 2573 809 2661 pharmacopolae,
831 2573 974 2657 meudics',
996 2578 1116 2660 mamae,
1132 2579 1216 2644 bala·

126 2674 311 2756 treocaleos
328 2697 426 2762 penus
447 2697 544 2739 omae.
572 2672 657 2738 Ibid.
673 2673 724 2738 98.
740 2695 809 2758 sqq.
827 2674 975 2757 custodes,
998 2675 1115 2759 lectica,
1139 2679 1217 2743 cuiui-

118 2773 231 2861 floues,
245 2775 420 2859 percoctae,
443 2772 489 2838 ud
500 2773 580 2852 tubos
600 2773 680 2838 stola
701 2772 836 2837 demessa
857 2786 886 2837 et
905 2775 1098 2841 micumduta
1116 2779 1214 2863 palla,

123 2873 278 2958 plurimu,
305 2896 384 2958 quae
405 2871 577 2953 amva'deuut,
591 2895 676 2958 pure
698 2895 850 2958 apparere
871 2873 932 2937 tabi
948 2896 1022 2937 rem.
1045 2873 1089 2958 H,
1114 2877 1142 2959 1,
1164 2877 1215 2941 59.

128 2992 176 3056 sq
200 2971 332 3054 difflues,
315 2994 415 3056 uaops,
436 2970 563 3051 Romae,
585 2993 640 3035 seu
651 2971 731 3056 sors
750 2973 797 3038 ita
818 2971 935 3055 luserit,
958 2973 1053 3056 ιιιιιί,
1075 2975 1216 3062 quisquis

128 3072 188 3136 em't
208 3071 298 3153 uitae,
320 3069 463 3154 combam,
487 3069 577 3136 color.
