2678 4642
378 229 414 277 1u
435 227 626 277 sirmeum
646 227 775 276 omnum
795 228 928 276 Pamuu
1018 220 1021 224 ’
1157 210 1198 276 87

113 392 225 460 Iaculi.
272 392 349 471 Qum
370 405 434 459 tam
457 393 692 481 bacilifcutor
716 395 816 480 inepte
842 407 895 476 eat,
921 405 955 458 ut
979 416 1040 458 noa
1065 393 1121 458 doc
1138 395 1198 480 fa·

113 493 233 556 tector?
273 492 449 558 Lambinus
470 494 628 580 principia
649 492 705 558 tali
725 493 820 558 modo
847 494 996 579 praecisa
1024 499 1119 578 atque
1141 492 1197 558 ab·

114 601 217 678 rupta,
236 592 370 678 proinde
392 593 483 678 quasi
504 601 611 658 essent
630 594 802 675 tritissima,
823 592 926 679 planis
947 592 1028 656 adeo
1050 593 1198 679 integris·

115 713 177 777 que
201 691 420 779 anteponebat,
443 693 528 777 quod
550 693 707 778 quaedam
734 691 952 778 relinquantur
978 691 1114 756 auditori
1141 713 1199 757 seu

115 789 228 855 lectori
248 792 351 878 potius
373 790 652 879 subintelligenda,
674 813 757 878 quae
779 791 1055 877 subintelligantur
1071 792 1198 855 concin-

114 889 187 954 nius
209 912 304 975 quam
325 912 346 955 a
365 899 462 977 poeta
490 893 753 979 exprimerentur.
795 891 888 956 Haec
915 891 999 955 enim
1027 910 1098 954 esse
1124 889 1199 954 sub·
1280 889 1282 895 ’

115 988 335 1075 intelligenda:
372 989 456 1067 Quid
485 1004 537 1073 est,
572 991 768 1077 quamodrem
800 1004 861 1055 tam
884 993 1024 1078 praviter
1050 988 1201 1054 accuser?

116 1097 171 1152 aut
191 1088 338 1175 quidest,
361 1088 446 1174 quod
463 1090 510 1153 ita
532 1089 569 1153 de
590 1114 637 1155 mc
658 1103 826 1176 queruntur
846 1089 1002 1155 domines?
1041 1088 1096 1154 Ad
1117 1109 1200 1175 quae

113 1188 312 1274 responderi:
339 1211 446 1274 nempe
467 1189 668 1274 incomposito
690 1197 761 1273 etc,
788 1189 810 1253 i.
834 1211 862 1253 e.
881 1189 979 1276 plane
997 1190 1124 1277 fateor,
1152 1210 1201 1253 mc

114 1287 235 1352 dictiue
265 1288 385 1353 Lucilii
412 1312 520 1353 uersas
551 1313 616 1353 esse
646 1290 874 1375 incompositos.
922 1287 1089 1352 Habemus
1121 1307 1200 1373 ergo

113 1408 303 1473 responsum
322 1386 365 1451 ad
379 1387 653 1473 quaestiunculam
675 1411 695 1452 a
707 1388 867 1454 Lambino
883 1387 1010 1452 demum
1032 1386 1200 1452 confictam

114 1508 221 1572 neque
243 1485 285 1551 ab
306 1485 438 1551 Horatio
459 1488 605 1574 positam.
637 1488 682 1551 At
694 1486 797 1553 bonus
811 1487 987 1552 Lambinus
1002 1495 1098 1572 atque
1115 1485 1199 1572 quis-

114 1607 177 1672 que
199 1584 279 1650 alius
300 1586 391 1651 nobis
415 1588 622 1670 concesserit,
646 1588 713 1651 eius
734 1588 862 1674 generis
884 1585 1145 1674 supplementum,
1166 1585 1201 1648 in

116 1706 178 1771 quc
200 1687 318 1750 mentio
340 1685 394 1751 fiat
413 1686 539 1770 Lucilii,
559 1685 645 1750 nullo
660 1694 753 1773 pacto
771 1686 850 1772 fingi
863 1706 967 1773 posse,
989 1686 1072 1750 sicut
1091 1689 1201 1751 rursus

116 1807 159 1849 ex
180 1784 408 1872 supplemento,
430 1785 464 1850 in
485 1807 548 1872 quo
569 1785 686 1849 Lucilii
705 1787 824 1850 mentio
845 1783 934 1849 nulla
959 1785 1046 1849 facta
1073 1786 1124 1868 sit,
1144 1805 1200 1848 ne·

114 1885 234 1949 minem
254 1884 363 1949 valere
386 1885 424 1949 de
451 1886 521 1973 ipso
543 1883 668 1949 Lucilio
695 1885 883 1971 insequente
910 1885 1127 1948 coniecturam
1154 1883 1201 1948 fa-

116 2007 200 2068 cere,
222 2006 319 2071 quum
340 1983 453 2049 eodem
473 2005 604 2071 prorsus
626 1985 695 2048 iure
724 1984 764 2049 de
785 1976 922 2071 persona
948 1982 1000 2049 vel
1024 2005 1060 2048 re
1087 1982 1202 2068 quavis

42 2167 44 2170 Ι
117 2083 183 2149 alia
205 2085 349 2168 cogitare
370 2084 462 2149 nobis
484 2084 590 2149 liceat.
635 2082 722 2164 Quid
748 2085 847 2170 igitur
871 2082 925 2148 vel
951 2082 1047 2147 fictae
1067 2083 1202 2146 interro-

116 2182 320 2270 gatiunculae
331 2183 424 2249 nobis
440 2183 629 2266 conducant,
645 2205 741 2268 quum
754 2183 897 2247 Lucilius
913 2182 1025 2269 affingi
1037 2180 1202 2267 nequeat?

198 2283 312 2368 Neque
335 2282 488 2369 abruptus
509 2282 570 2347 iste
591 2283 748 2366 introitus,
770 2304 865 2368 quem
886 2283 983 2347 etiam
996 2280 1202 2347 Heindorlius

115 2382 251 2448 mirifice
274 2382 437 2466 laudabat,
466 2383 526 2447 etsi
547 2383 594 2447 sic
614 2383 841 2470 interpretatus
868 2391 929 2447 est:
963 2382 1022 2447 dae
1048 2382 1125 2447 tabe
1152 2380 1204 2446 iob

117 2483 196 2548 docb
216 2483 296 2546 wohl
311 2495 428 2570 qesuqt,
451 2483 544 2568 quasi
562 2481 618 2547 alii
638 2482 673 2548 id
694 2483 812 2548 dictum
832 2490 1016 2569 negassent,
1038 2502 1075 2547 eo
1097 2489 1205 2568 potest

117 2582 259 2665 defendi,
286 2581 373 2667 quod
393 2591 503 2646 noster
522 2580 649 2648 libellus
670 2592 858 2670 argumento
880 2604 938 2647 suo
961 2604 1034 2647 cum
1049 2579 1156 2645 Satira
1175 2578 1203 2662 I,

116 2682 147 2746 4.
171 2683 348 2747 arctissime
370 2682 552 2764 cohaereat,
577 2683 728 2768 quoniam
748 2682 812 2747 tale
834 2680 1062 2747 adminiculum
1082 2701 1141 2767 per
1167 2699 1203 2742 se

117 2781 183 2846 iam
209 2802 340 2866 prorsus
368 2780 580 2869 improbabile
607 2790 657 2846 est
681 2791 777 2867 atque
810 2803 852 2846 ex
881 2781 937 2847 illa
968 2780 1089 2861 Satira,
1120 2799 1204 2865 quae

119 2880 285 2964 ceteroqui
311 2902 369 2944 sex
394 2881 463 2945 fere
490 2882 581 2945 annis
608 2881 696 2966 prius
723 2881 845 2967 scripta
870 2890 919 2945 est
946 2903 1040 2966 quam
1069 2879 1204 2962 decima,

119 2978 372 3066 supplementum
391 2978 512 3042 nullum
536 2979 705 3061 redundat,
731 2978 775 3043 ad
799 2979 885 3064 quod
908 2978 1122 3066 praefractum
1146 2976 1204 3058 hu-

117 3078 168 3142 ius
190 3077 314 3141 Satirae
336 3077 504 3142 exordium
530 3099 683 3142 revocare
715 3078 829 3165 possis.
867 3078 954 3159 Quin
983 3077 1046 3142 tale
1077 3076 1204 3165 supple-

118 3185 260 3241 mentum
281 3199 323 3242 ex
344 3175 450 3240 Satira
471 3185 584 3262 quarta
603 3199 645 3241 ne
659 3185 762 3264 potest
775 3177 903 3264 quidem
917 3177 1108 3260 redundare,
1131 3176 1207 3262 quia

120 3276 245 3342 decima
264 3298 330 3341 non
352 3276 394 3342 ob
417 3285 547 3363 quartae
569 3285 801 3362 argumentum,
822 3277 879 3342 sed
901 3277 942 3343 ob
964 3279 1032 3356 eius
1053 3277 1205 3343 adversa-

119 3376 185 3440 rios
218 3385 349 3440 exarata
380 3384 443 3459 est,
475 3376 591 3463 quibus
621 3399 687 3442 non
717 3378 831 3442 coortis
852 3399 957 3464 neque
978 3377 1112 3443 Horatio
1134 3398 1206 3442 sese

120 3475 315 3541 defendendi
336 3498 415 3542 ansa
434 3475 501 3541 ulla
522 3476 597 3542 data
618 3484 711 3542 esset.
755 3476 850 3558 Quod
871 3478 899 3542 si
918 3499 1030 3543 verum
1051 3485 1113 3560 est,
1135 3476 1207 3562 quis

120 3575 290 3640 Horatium
319 3584 407 3663 putet
435 3599 506 3641 eam
538 3599 678 3660 causam,
710 3598 775 3662 qua
806 3577 849 3642 ad
880 3577 1017 3642 Satiram
1048 3577 1207 3641 decimam

121 3675 323 3741 condendam
345 3685 517 3741 commotus
539 3677 589 3759 sit,
615 3698 680 3741 non
699 3676 835 3763 perinde
857 3685 951 3763 atque
977 3676 1071 3759 alibi,
1098 3698 1127 3740 e.
1156 3698 1206 3761 gr.

121 3775 188 3841 Sat.
211 3775 255 3858 H,
278 3779 306 3840 1.
328 3776 389 3859 in.,
420 3777 454 3840 in
485 3777 626 3842 medium
658 3776 814 3860 attulisse,
845 3777 904 3840 sed
924 3779 1035 3863 potius
1055 3774 1207 3859 libellum,

121 3899 184 3963 quo
206 3877 335 3940 ineunte
356 3883 518 3960 tamquam
539 3899 582 3940 ex
595 3877 718 3941 somnio
734 3898 887 3941 excussus
903 3898 1013 3941 secum
1026 3877 1096 3963 ipso
1112 3873 1207 3939 collo·

122 3977 177 4061 qui
197 3975 355 4057 videatur,
376 3975 411 4038 in
431 3973 547 4061 vulgus
568 3985 789 4062 argumentum
810 3977 924 4041 somnii
944 3977 1034 4041 istius
1055 3975 1208 4060 ignorans

120 4076 259 4162 ideoque
281 4074 446 4140 exordium
466 4075 596 4140 minime
615 4075 796 4163 intelligens
819 4075 983 4140 emisisse?

205 4175 357 4242 Attamen
378 4196 477 4242 causa
496 4173 552 4242 illa
571 4173 613 4242 ab
638 4176 775 4243 Horatio
802 4176 886 4243 bene
914 4176 1062 4264 apposita
1087 4181 1150 4259 est,
1181 4172 1209 4239 si
