2678 4642
518 1165 821 1244 PRAEFATIO.

607 1340 723 1348 ——0--0

205 1465 280 1530 Plus
303 1465 367 1530 iam
383 1487 479 1551 quam
495 1473 622 1530 centum
642 1464 761 1530 abhinc
776 1465 868 1531 annis
882 1464 1033 1531 Matthias
1050 1464 1214 1532 Gesnerus

120 1565 289 1649 iudicavit,
322 1565 403 1630 adeo
431 1565 473 1630 ab
500 1565 647 1630 omnibus
673 1565 749 1630 inde
776 1564 913 1630 saeculis
942 1567 1099 1652 sategisse
1128 1567 1215 1632 circa

120 1666 249 1731 Horatii
271 1664 400 1750 eclogas
411 1663 569 1748 librarios,
591 1666 789 1752 interpretes,
806 1665 944 1748 criticos,
958 1675 992 1730 ut
1004 1667 1106 1753 possit
1119 1665 1214 1732 homo
1331 1684 1333 1696 ’

122 1765 277 1852 diligens,
300 1766 353 1829 cui
373 1764 587 1829 bibliothecae
609 1773 748 1852 pateant,
770 1765 866 1829 facile
887 1765 1004 1830 librum
1018 1766 1215 1831 mediocrem

120 1865 174 1931 vel
206 1865 277 1929 sola
313 1863 406 1928 huius
437 1873 552 1951 poetae
584 1863 718 1929 historia
746 1862 903 1929 litteraria
933 1863 1078 1951 implere.
1120 1866 1215 1932 Nunc

121 1965 252 2051 quidem
272 1963 369 2050 longe
396 1964 585 2051 ampliorem
610 1963 767 2028 eiusmodi
792 1963 909 2029 librum
934 1965 1027 2030 nobis
1056 1965 1215 2030 conficere

121 2065 205 2148 licet,
227 2073 448 2130 verumtamen
467 2063 612 2150 pluribus
635 2064 676 2128 de
699 2065 819 2148 causis,
844 2085 979 2150 quarum
999 2065 1149 2152 princeps
1172 2063 1214 2132 ab

122 2163 212 2229 libris
244 2164 469 2249 manuscriptis
497 2164 600 2251 repeti
632 2163 742 2248 debet,
772 2172 922 2251 poemata
947 2163 1127 2230 Horatiana
1150 2187 1216 2230 non

121 2263 255 2351 perinde
277 2264 453 2348 integriora
473 2263 600 2328 reddita
621 2272 701 2328 sunt.
734 2264 866 2329 Etenim
886 2285 985 2350 quum
1007 2265 1104 2329 etiam
1120 2280 1214 2352 prae'·

122 2364 325 2428 stantissimis
338 2364 530 2428 coniecturis
544 2362 625 2428 fides
639 2385 740 2451 prope
755 2385 883 2449 semper
897 2363 1051 2451 ambigua
1060 2363 1217 2429 habeatur

113 2464 315 2549 omninoque
330 2463 432 2527 ferme
446 2462 535 2547 nihil,
557 2464 619 2527 nisi
635 2463 722 2549 quod
734 2463 878 2528 Libitina
892 2465 1076 2548 sacraverit,
1099 2486 1215 2550 appro-

121 2562 195 2628 bari
228 2562 343 2646 soleat,
376 2585 501 2626 summa
531 2585 638 2627 rerum
667 2584 771 2650 paene
804 2585 1034 2650 usquequaque
1063 2564 1106 2628 ad
1131 2562 1215 2628 solos

122 2662 208 2727 redit
229 2661 357 2728 codices
378 2664 612 2749 manuscriptos
632 2685 754 2749 nosque
769 2663 803 2727 in
816 2662 941 2727 mendis
960 2671 1104 2728 nontam
1119 2663 1215 2728 corri-

122 2762 238 2848 gendis
260 2785 358 2848 quam
373 2763 574 2828 declarandis
590 2763 797 2849 acquiescere
813 2771 946 2850 oportet.
978 2762 1018 2827 In
1032 2763 1217 2828 universum
1268 2773 1270 2780 '

121 2883 200 2927 vcro
211 2860 336 2926 Horatii
348 2862 545 2949 exemplaria
558 2864 775 2949 manuscripta
786 2861 919 2948 egregie
932 2870 1080 2949 corrupta
1091 2871 1172 2946 sunt,
1182 2861 1218 2928 id

123 2961 211 3047 quod
221 2960 342 3026 idcirco
358 2964 488 3027 minime
510 2962 699 3045 mirandum,
722 2962 797 3048 quia
808 2962 876 3025 eius
890 2960 1019 3049 eclogas
1035 2963 1098 3028 iam
1110 2983 1216 3049 gram·

122 3062 234 3125 matici
247 3060 384 3126 Romani
397 3064 538 3127 maxime
548 3061 794 3148 interpolarunt.
828 3059 900 3125 Etsi
922 3063 1008 3126 enim
1029 3062 1218 3149 generosior

122 3170 221 3250 pocta
241 3163 468 3247 grammaticas
490 3162 590 3227 tribus
613 3171 644 3226 et
657 3161 780 3248 pulpita
793 3182 858 3226 non
873 3161 1068 3247 dignabatur
1082 3161 1217 3245 ambire,

122 3283 227 3347 neque
254 3260 371 3326 vilibus
399 3262 433 3326 in
464 3261 546 3326 ludis
574 3261 694 3348 scripta
719 3284 777 3325 sua
809 3260 924 3325 dictari
954 3260 1100 3346 volebat,
1131 3259 1217 3325 nullo

122 3371 232 3427 tamen
252 3370 345 3451 pacto
375 3360 514 3426 dubitari
541 3370 658 3448 potest,
687 3361 764 3447 quin
791 3361 859 3425 eius
883 3369 1046 3448 poemata,
1078 3359 1217 3448 avulgo

122 3461 269 3526 Romano
289 3460 346 3525 illa
371 3461 501 3547 quidem
530 3461 672 3526 studiose
692 3459 826 3545 lecta1),
853 3483 874 3525 a
899 3461 1118 3547 grammaticis
1143 3482 1216 3547 per·

121 3559 258 3627 multum⁴
285 3569 500 3625 versarentur.
548 3559 616 3626 Sed
647 3583 744 3647 quum
776 3560 891 3625 eadem
921 3569 989 3624 tum
1024 3560 1059 3624 in
1101 3559 1218 3625 scholis
1278 3577 1280 3582 ’

122 3661 318 3726 dictarentur
340 3669 371 3725 et
397 3657 646 3746 exponerentur,
674 3669 741 3724 tum
766 3659 875 3747 palam
900 3661 1126 3742 recitarentur,
1146 3658 1219 3727 fieri

121 3783 188 3827 non
218 3768 357 3848 poterat,
379 3762 474 3847 *quin
512 3758 719 3824 multifariam
755 3759 997 3846 diffingerentur
1026 3758 1081 3825 vel
1111 3759 1218 3847 potius

123 3862 386 3948 depravarentur,
408 3861 560 3946 quoniam
573 3859 719 3947 plerique
734 3859 937 3946 grammatici
949 3857 1087 3924 Romani
1101 3859 1218 3924 mirum

123 3970 278 4048 quantum
300 3968 488 4046 arrogantes
510 3968 605 4047 atque
626 3959 778 4025 ineruditi
799 3967 904 4042 erant,
933 3957 1020 4044 quod
1046 3957 1154 4024 multis
1175 3979 1218 4025 ex

190 4176 216 4242 1)
233 4175 473 4240 V.Epist.1,19,35.
480 4190 536 4242 sqq.
553 4176 730 4242 1,2o‚1o.sqq.
747 4175 918 4241 11‚a‚345.sq.
936 4174 1023 4284 camp
1031 4171 1218 4242 W,8,18.sqq.

986 4259 1000 4312 1
