2678 4642
157 215 199 282 82
583 229 819 280 consortum

161 396 343 464 describere
370 395 500 462 valeret.
548 395 723 462 Praeterea
749 396 844 462 homo
870 397 1067 483 importunus
1093 396 1180 461 viam
1206 395 1251 461 ad

159 498 391 580 Maecenatem,
413 518 509 581 quam
529 495 615 560 facili
632 498 762 582 negotio
777 496 841 561 sibi
860 505 928 560 erat
946 497 1122 560 muniturus
1142 518 1249 581 neque

160 597 206 662 ita
228 596 391 661 difficilem
412 597 517 660 animo
538 596 780 678 informaverat,
802 597 871 683 ipse
892 594 955 660 sibi
975 585 1135 660 nonnullis
1156 618 1249 682 prae-

160 697 311 762 struxerit
341 695 601 782 impedimentis?
650 694 742 759 Idem
774 697 869 759 etiam
900 705 965 759 tam
1000 703 1106 759 mente
1139 704 1250 782 captus

158 797 269 879 fuerit,
292 804 325 858 ut
345 794 533 859 Maecenate
554 795 715 858 neminem
736 794 862 884 fortuna
883 794 1044 859 dexterius
1065 817 1156 858 usum
1179 817 1250 859 esse
1321 837 1322 841 =

159 894 340 974 blateraret,
362 915 459 980 quum
479 895 582 959 virum
603 893 691 957 illum
711 895 1017 980 praestantissimum
1039 895 1172 981 quilibet
1188 896 1250 958 sci-

161 1004 211 1060 ret
236 1016 332 1080 quam
359 995 498 1057 maxime
521 995 712 1057 contrarium
734 993 874 1058 fecisse?
917 993 978 1059 Oui
998 994 1144 1081 placeant
1164 996 1250 1058 insu-

162 1116 221 1180 per
241 1095 313 1179 ipsa
334 1092 416 1157 haec
437 1093 562 1156 disiecti
583 1092 728 1157 membra
746 1101 875 1179 poetae:
898 1116 1076 1180 paucorum
1096 1094 1252 1158 hominurn

161 1205 190 1256 et
208 1195 318 1256 mentis
340 1193 412 1256 bene
433 1215 537 1274 sanae,
559 1214 646 1256 nemo
662 1191 819 1256 demerim
830 1194 968 1277 fortuna
981 1207 1026 1257 eet
1039 1191 1136 1257 osus?
1163 1190 1250 1270 Qua·

159 1291 199 1356 lis
227 1300 385 1378 postremo
413 1291 521 1355 verbis
549 1313 636 1354 nemo
656 1290 815 1355 dexterius
826 1294 964 1378 fortuna
985 1305 1124 1357 setosus
1146 1312 1166 1353 a
1184 1289 1249 1352 Bo-

161 1390 234 1456 lano
264 1390 304 1455 de
325 1390 516 1455 Maecenate
543 1391 669 1454 effutitis
696 1390 754 1454 iste
782 1400 830 1454 est
849 1393 999 1455 transitus
1020 1390 1064 1474 ad
1083 1384 1269 1453 Horatium

161 1491 289 1555 haberes
309 1514 454 1577 mapsam
475 1489 668 1553 adiutorem?
711 1487 885 1573 Quorsum,
911 1511 1047 1575 quaese,
1069 1489 1251 1569 adiutorem,

162 1589 305 1654 simodo
327 1611 379 1653 res
399 1588 645 1654 Maecenatiana
665 1611 727 1653 nec
747 1589 925 1653 Horatiana
947 1588 1127 1674 agebatur?

245 1687 313 1752 Sed
342 1697 458 1774 poetae
490 1710 677 1774 responsum
704 1711 877 1774 paucorum
907 1688 1063 1753 bominum
1087 1701 1116 1751 et
1143 1687 1254 1752 mentis

163 1787 236 1852 bene
256 1811 352 1852 sanae
372 1786 515 1850 nondum
534 1795 621 1851 recte
644 1788 847 1875 explanatum
867 1789 1003 1873 reperio.
1035 1787 1102 1850 Alii
1123 1785 1254 1873 quidem

161 1888 271 1952 mentes
292 1888 364 1952 bene
385 1910 480 1953 sanae
502 1886 542 1951 de
563 1887 632 1973 ipso
654 1886 860 1970 Maecenate,
882 1886 938 1950 alii
959 1886 999 1950 de
1019 1887 1131 1973 paucis
1152 1885 1252 1950 homi-

161 1986 256 2052 nibus
277 1986 468 2072 intelligunt.
502 1986 569 2050 Nos
589 1985 652 2049 tale
672 1985 871 2050 Maecenatis
892 1987 1098 2073 praeconium
1119 1984 1254 2071 perinde

161 2084 371 2172 reprobamus
397 2094 493 2171 atque
515 2083 581 2150 sat.
603 2084 634 2168 I,
656 2085 691 2168 6,
713 2085 764 2150 51.
793 2107 841 2171 sq.
861 2110 967 2172 prauo
992 2086 1156 2150 ambitione
1175 2108 1253 2171 pro-

163 2186 220 2250 cel.
264 2185 377 2271 Neque
405 2183 561 2249 credibile
581 2184 723 2266 videtur,
751 2184 920 2250 Horatium
942 2184 1053 2248 ordine
1073 2193 1138 2249 tam
1158 2207 1252 2271 prae·

162 2293 291 2373 postero
323 2285 503 2373 paucorum
529 2285 684 2349 tumebam
705 2296 734 2348 et
753 2287 863 2349 meritis
885 2286 957 2350 beree
978 2308 1074 2349 sanae
1094 2306 1152 2370 pro
1173 2308 1253 2347 mea·

124 2400 130 2418 ¹
163 2385 204 2448 tis
225 2385 298 2449 berte
327 2407 421 2448 sanae
442 2396 470 2447 et
486 2407 660 2469 paucorum
680 2384 846 2466 bominum)
868 2383 1088 2448 Maecenatem
1109 2382 1252 2447 laudatu-

162 2505 234 2548 rum
259 2483 368 2547 fuisse.
410 2483 584 2546 Praeterea
605 2504 678 2548 eum
700 2481 836 2547 verbum
857 2497 902 2547 est
923 2483 1050 2548 diverso
1073 2482 1255 2568 significatu

162 2582 255 2647 nobis
283 2580 494 2668 supplendum
519 2580 685 2667 reliquisse
711 2604 825 2668 parum
853 2591 901 2645 est
924 2582 1103 2668 probabile.
1145 2581 1254 2667 Magis

162 2682 260 2767 igitur
288 2681 472 2746 nonnemini
492 2679 632 2767 placeat,
653 2682 764 2744 meotis
785 2681 857 2745 bene
878 2705 973 2746 sanae
995 2682 1038 2746 ad
1057 2703 1176 2768 paucos
1197 2681 1254 2745 ho-

164 2781 266 2845 mines
281 2780 412 2864 reterre,
434 2781 479 2844 uti
493 2781 558 2844 iam
572 2778 689 2844 Oeruto
704 2788 777 2843 ante
798 2781 859 2844 tria
879 2780 979 2845 ferme
1001 2781 1130 2846 saecula
1149 2781 1255 2845 visum

151 2888 212 2944 'est
233 2882 279 2944 sic
301 2880 476 2944 enarranti:
499 2879 577 2962 dibi,
600 2903 668 2944 eom
686 2903 759 2963 esse,
781 2882 883 2966 quiin
896 2905 985 2946 soora
996 2881 1255 2967 familiaritatem

157 3003 282 3068 paucos
306 2982 440 3067 recipiat
464 2992 493 3044 et
518 2979 639 3044 eosdem
663 2980 753 3044 valde
771 2979 954 3066 prudentes.
997 2980 1067 3044 Nee
1093 2980 1254 3065 genitivus

164 3082 274 3145 mentis
301 3081 374 3145 bene
400 3103 495 3145 sanae
521 3086 593 3166 post
617 3087 837 3164 antegressum
864 3079 1057 3143 adiectivum
1076 3102 1255 3166 paucorum

165 3177 214 3262 (ut
235 3177 302 3243 Sat.
324 3179 350 3262 I,
372 3180 402 3262 2,
425 3180 475 3244 10.
496 3178 523 3262 I,
544 3178 574 3262 4,
596 3178 626 3242 8.
648 3177 675 3261 I,
698 3177 726 3261 t,
749 3177 777 3242 7.
799 3177 843 3261 II,
866 3178 895 3261 7,
914 3178 980 3261 52.)
1002 3176 1095 3242 nobis
1116 3200 1180 3243 non
1202 3201 1253 3242 ar-

164 3277 257 3360 ridet,
279 3277 338 3342 sed
352 3279 530 3343 coniunctio
545 3278 758 3363 genitivorum
775 3301 949 3364 paucorum
962 3278 1118 3343 homiliam
1131 3291 1160 3342 et
1174 3302 1255 3342 mea-

164 3378 206 3442 tis
226 3378 300 3441 bene
320 3401 415 3441 sanae
434 3376 522 3441 illam
542 3377 832 3463 interpretationem
853 3384 1018 3464 tantopere
1039 3377 1199 3461 recondit,
1220 3385 1256 3440 ut

165 3498 238 3541 eam
265 3498 329 3542 non
355 3476 538 3564 amplectar.
583 3475 688 3557 Quam
713 3476 842 3562 quidem
868 3475 1092 3541 obscuritatem
1112 3475 1255 3540 nonnulli

164 3599 218 3641 vv.
242 3575 295 3640 dd.
319 3597 357 3641 eo
380 3576 539 3640 discutere
561 3574 766 3659 conabantur,
788 3575 874 3661 quod
895 3588 924 3640 et
943 3576 978 3639 in
998 3597 1061 3639 uno
1082 3576 1171 3640 Feae
1192 3576 1254 3640 Lb.

163 3673 234 3738 MS.
262 3697 328 3740 non
356 3673 486 3740 obvium
508 3674 750 3760 expungebant3
771 3683 991 3740 verumtamen
1003 3697 1181 3761 paucorum
1201 3676 1254 3740 bo-

163 3776 280 3840 minum
304 3775 414 3839 mentis
442 3775 515 3839 berre
539 3797 635 3838 sanae
660 3774 755 3839 facile
777 3775 935 3862 quispiam
956 3775 1001 3838 ita
1021 3775 1122 3862 possit
1141 3773 1254 3838 intelli·

164 3896 260 3960 gere,
281 3883 316 3938 ut
335 3873 509 3939 Maecenas
529 3895 595 3938 non
614 3873 727 3938 multos
748 3873 893 3940 homines
913 3875 1027 3939 mentis
1049 3875 1132 3939 bene
1155 3895 1255 3938 sanae

165 3975 351 4038 sustinuisse
372 3984 534 4061 arguatur.
576 3972 650 4054 Qua
671 3973 879 4060 ambiguitate
900 3975 998 4040 vitata
1019 3996 1058 4038 ae
1078 3972 1179 4038 verbo
1200 3987 1255 4055 eet,

164 4072 251 4158 quod
271 4074 461 4159 cogitatione
482 4073 735 4159 suggerendum,
756 4095 821 4138 una
840 4073 1054 4139 tantummodo
1077 4072 1255 4158 eademque

163 4171 396 4260 significatione
424 4194 579 4240 concessa
611 4171 779 4239 Horatium
805 4173 866 4240 hoc
892 4172 1096 4262 respondisse
1119 4170 1256 4238 arbitra·
