2678 4642
120 241 157 289 1v
189 297 192 301 ,
574 235 762 287 enarrarre

122 404 240 495 lepidis
261 403 358 471 rebus
380 427 401 470 a
422 402 566 489 Gellio¹)
594 403 702 470 relatis
722 423 828 489 neque
849 401 954 467 minus
975 401 1105 467 aliunde
1127 422 1212 466 com·

120 514 247 595 pentum
267 505 433 571 habemus.
476 504 575 570 Cuius
596 504 726 590 generis
754 503 899 567 homines
928 502 996 567 sine
1024 501 1122 567 dubio
1148 522 1213 566 non

120 614 242 671 tantum
262 603 390 690 singula
410 603 513 669 verba
533 603 755 687 immutabant,
783 602 842 666 sed
867 610 949 666 totos
977 600 1073 666 etiam
1100 623 1214 666 versus

120 714 188 771 tum
207 726 266 794 pro
287 704 435 792 genuinis
456 702 688 790 supponebant,
708 711 776 768 tum
790 722 847 767 suo
863 698 1047 766 inserebant
1061 722 1104 764 cx
1116 723 1214 788 penu,

121 803 206 890 quod
226 803 279 869 vel
299 805 374 869 vivo
396 803 515 868 accidit
528 801 670 867 Martiali
679 801 721 887 ²),
743 811 811 867 tum
833 799 1026 866 econtrario
1048 821 1213 886 expunge-

121 903 217 988 bant,
245 903 335 968 cuius
356 903 543 967 temeritatis
574 901 768 966 luculentum
801 909 905 972 exstat
934 900 1148 965 testimonium
1180 899 1215 963 in

121 1003 281 1091 principIo
304 1001 371 1067 Sat.
387 1003 413 1086 I,
430 1003 478 1067 10.
511 1003 684 1067 Praeterea
697 1022 762 1066 non
777 1000 920 1084 deerant,
942 1000 997 1086 qui
1012 1020 1112 1086 opera
1125 1007 1214 1064 vete-

120 1126 192 1167 rum
213 1111 378 1168 auctorum
399 1110 618 1184 retractarent,
640 1109 695 1166 aut
715 1100 917 1165 emendanda
931 1122 971 1164 ac
986 1098 1216 1184 distinguenda

122 1211 154 1266 et
171 1201 427 1266 annotationibus
441 1201 629 1275 adornanda
645 1209 802 1284 curarent,
816 1200 882 1265 'soli
896 1199 972 1264 huic
987 1199 1214 1285 grammatices

121 1302 205 1388 parti
228 1300 344 1384 dediti,
366 1302 412 1365 uti
433 1310 547 1366 auctor
567 1309 624 1387 est¹
638 1298 807 1365 Suetonius
829 1300 870 1364 de
891 1299 1001 1363 illustr.
1024 1320 1159 1384 gramm.
1182 1298 1214 1362 2.

122 1406 154 1464 et
181 1399 232 1464 24.
274 1400 338 1467 Vel
363 1402 490 1486 integra
516 1401 612 1464 etiam
638 1422 737 1486 opera
758 1399 817 1464 sub
838 1398 921 1463 fictis
943 1395 1132 1485 scriptorum
1152 1418 1210 1460 no-

121 1499 261 1565 minibus
282 1522 347 1564 non
368 1500 414 1565 ita
433 1521 507 1564 raro
530 1499 811 1587 componebantur.

204 1597 277 1663 Tali
298 1599 395 1686 igitur
417 1599 597 1665 conditione
624 1622 719 1685 quum
741 1598 864 1663 litterae
885 1597 1021 1666 Latinae
1042 1603 1214 1680 uterentur,

120 1719 327 1785 nequaquam
347 1698 422 1763 licet
442 1701 561 1784 mirari,
584 1698 669 1785 quod
689 1698 911 1764 vetustissimis
931 1698 998 1782 iam
1017 1695 1214 1783 temporibus

121 1799 306 1885 incorrupta
320 1808 485 1864 auctorum
500 1822 599 1887 opera
612 1799 774 1864 rarissime
789 1797 1040 1884 reperiebantur,
1062 1818 1123 1860 nec
1144 1795 1214 1859 fere

121 1898 226 1962 minus
249 1920 345 1984 quam
370 1897 466 1964 hodie
492 1899 532 1964 de
560 1898 752 1964 lectionibus
780 1897 913 1962 sinceris
938 1894 1162 1981 ambigebatur
1184 1902 1216 1958 et

122 1997 411 2084 disceptabatur³).
445 1999 607 2079 Quocirca
626 2020 691 2062 non
712 1998 895 2063 Priscianus
911 1992 1038 2060 demum
1054 2003 1108 2059 aut
1122 1993 1214 2059 scho-

121 2096 233 2162 liastae
251 2095 440 2182 interpolata
455 2097 580 2161 Horatii
602 2096 801 2184 exemplaria
820 2095 976 2180 terebant,
998 2095 1056 2160 sed
1076 2093 1163 2178 talia,
1186 2095 1215 2158 si

121 2196 262 2260 nondum
288 2197 364 2262 vivo
390 2196 535 2283 poeta⁴),
562 2206 648 2261 certe
674 2196 781 2283 paullo
808 2205 881 2283 post
907 2197 975 2260 eius
1002 2195 1123 2260 obitum
1148 2195 1215 2258 iam

123 2295 289 2382 divulgata
319 2304 404 2380 sunt,
437 2294 706 2382 quemadmodum
732 2295 813 2360 adeo
843 2295 928 2382 elegi
956 2304 1050 2381 atque
1078 2292 1215 2381 epistola

120 2417 219 2483 prosa
240 2396 382 2460 oratione
404 2395 448 2459 ad
467 2395 690 2460 Maecenatem
709 2395 887 2482 perscripta
908 2395 967 2460 sub
981 2394 1214 2459 titulo-Horatii

121 2515 186 2558 nou
206 2495 251 2559 ita
271 2493 367 2559 multo
389 2504 461 2581 post
480 2496 515 2559 in
534 2494 640 2559 lucem
659 2495 855 2582 prodierumt.
884 2493 979 2559 Unde
1001 2495 1077 2559 satis
1100 2494 1214 2576 elucet,

122 2616 180 2658 eur
202 2594 298 2659 etiam
320 2595 556 2681 antiquissimus
575 2594 703 2659 Horatii
718 2594 822 2659 codex
835 2594 1033 2678 Blandinius,
1054 2595 1146 2658 tertio
1161 2593 1215 2659 vel

122 2702 234 2778 quarto
250 2702 323 2780 post
337 2693 412 2759 Ohr.
434 2693 562 2759 saeculo
585 2703 746 2779 exaratus,
767 2715 832 2759 non
852 2695 1016 2758 minimum
1038 2702 1123 2770 esset
1143 2715 1214 2758 cor-

121 2801 242 2880 ruptus,
269 2792 305 2856 id
325 2794 412 2879 quod
431 2793 556 2880 plenius
578 2815 859 2879 cognosceremuS,
888 2795 917 2858 si
937 2816 958 2859 a
979 2793 1118 2879 Oruquio
1142 2791 1214 2856 dili-

123 2894 249 2979 gentius
279 2891 409 2958 collatus
437 2902 530 2958 esset.
573 2893 720 2979 Namque
741 2892 948 2958 vehementer
968 2893 1132 2974 falluntur,
1159 2893 1216 2977 qui

121 2982 375 3057 hunocodicem
400 3002 562 3079 tamquam
583 2992 748 3058 oraculum
767 3002 975 3078 venerantur,
1002 3001 1214 3080 posteaquam

122 3090 198 3155 inde
223 3091 386 3156 Bentleius
414 3091 482 3158 Sat.
504 3085 538 3176 I,
554 3094 582 3178 6,
607 3093 676 3157 126.
697 3094 796 3180 fapt'o
819 3118 960 3180 compara
981 3094 1137 3176 lusumque
1159 3093 1215 3155 tri-

120 3213 230 3278 yoaera
254 3213 314 3277 pro
335 3190 465 3279 vulgato
487 3194 583 3281 sap-io
604 3194 729 3258 rabiosi
746 3206 885 3279 temporo
905 3195 998 3286 ω’φιὶ
1013 3191 1119 3256 multis
1141 3212 1214 3255 cum

183 3406 217 3472 .1)
234 3405 267 3473 u.
283 3405 373 3472 a1v,
389 3409 412 3460 1.
427 3408 458 3472 v,
476 3409 516 3461 21.
532 3407 592 3472 vn,
610 3309 740 3473 mim,
756 3411 797 3462 ao.
813 3407 883 3471 x1v,
899 3409 923 3459 s.
939 3407 996 3471 xv,
1012 3409 1034 3459 a
1053 3408 1093 3459 eo.
1109 3406 1180 3470 xvl,
1191 3409 1215 3458 s.

123 3486 208 3553 XVII,
220 3491 243 3539 1.
259 3489 356 3554 XVIII,
367 3492 391 3542 4.
404 3493 427 3542 6.
441 3493 464 3543 7.
480 3491 552 3556 XIX,
564 3494 603 3543 10.

190 3588 215 3655 a)
233 3588 286 3640 cn.
298 3589 388 3656 Epigr.
399 3589 432 3654 x,
445 3591 501 3643 roo.

72 3728 77 3740 .
190 3688 227 3764 a)¹
239 3688 291 3739 cfr.
310 3688 376 3740 een.
399 3689 471 3740 un
495 3689 516 3754 1,
534 3692 557 3740 r.
576 3691 615 3740 re.
633 3692 672 3742 ar,
701 3689 736 3754 11,
753 3692 777 3740 a.
796 3691 837 3742 14.
864 3688 910 3752 Ν,
928 3691 968 3743 ro.
996 3689 1027 3754 V,
1044 3692 1069 3744 4,
1097 3689 1157 3753 vn,
1174 3692 1215 3742 ao.

125 3769 170 3836 1x,
189 3773 228 3824 14.
256 3771 316 3835 ΧΠ,
335 3773 374 3824 ro,
403 3771 476 3835 xm,
493 3775 532 3823 ao
549 3774 590 3824 so.
618 3772 714 3836 xvm,
730 3774 755 3824 s.
782 3772 840 3835 rr,
859 3774 884 3824 s.

193 3871 218 3937 4)
236 3870 309 3921 Cave
324 3887 389 3928 vero>
403 3871 455 3920 huc
471 3870 577 3934 referas,
594 3872 665 3936 quod
681 3876 773 3922 auctor
789 3873 859 3922 vitae
875 3873 979 3922 Horatii
995 3887 1141 3938 anonymus
1157 3887 1217 3923 nar-

124 3952 205 4003 ravitt
234 3953 420 4004 Carminum
436 3969 565 4005 suorum
582 3953 734 4004 elimator
750 3955 814 4005 fuit
831 3955 978 4006 Tharsus
997 3955 1055 4005 ille
1071 3959 1169 4021 poeta
1186 3960 1216 4005 et

125 4033 278 4086 Tibullus
309 4037 375 4103 (leg.
399 4041 506 4089 tersus
532 4037 592 4087 ille
618 4042 714 4102 poeta
739 4037 920 4105 Tibullus).
961 4039 1052 4090 Fluxit
1073 4039 1124 4090 hoe
1147 4054 1216 4088 com-

124 4123 240 4171 mentum
261 4134 293 4172 ex
312 4120 396 4188 Epist.
413 4119 435 4184 1,
454 4123 479 4176 4.
497 4124 520 4174 1.
553 4120 642 4185 Albi,
663 4111 853 4173 nostrorum
874 4137 1052 4174 sermonum
1073 4121 1214 4173 candide

123 4198 227 4257 iudex.
