2678 4642
344 249 380 297 m
402 247 596 298 sannanim
616 243 746 297 annun
767 247 952 299 sneunuuu
1134 232 1194 300 105

103 415 136 467 V.
153 415 193 467 82.
211 429 268 482 sqq.
307 414 336 465 si
352 413 423 466 mala
440 414 584 466 condiderit
600 416 629 466 iu
646 414 722 482 quem
740 416 797 481 quis
814 416 937 479 carmina,
953 416 995 466 ius
1012 420 1053 468 est

300 497 488 563 Iudiciumque.
522 498 596 560 Esto,
613 499 636 548 si
653 500 712 565 quis
729 498 823 560 mala;
840 499 887 549 sed
903 499 975 550 bona
992 500 1089 566 siquis

300 580 392 631 Iudice
409 581 553 631 condiderit
568 581 721 632 laudatus
739 581 865 644 Caesare,
883 583 905 632 si
923 583 982 648 quis

305 662 460 729 Opprobriis
477 664 585 730 dignum
601 663 775 714 latraverit
790 665 891 731 integer
907 666 980 731 ipso?

184 761 359 850 Perperam
396 761 503 849 plures
540 763 727 849 interpretes
770 763 938 829 Horatium
972 763 1082 830 volunt
1111 763 1195 831 aaa

105 864 249 928 carusium
270 861 311 927 de
331 861 488 928 industria
508 883 600 927 secus
622 861 817 928 intellexisse
839 863 933 928 etad
957 856 1073 930 vitiosa
1099 874 1194 950 atque

107 962 216 1048 inepta
236 960 392 1026 retulisse.
434 961 525 1048 Ergo
547 962 596 1026 ius
617 962 843 1048 iudiciumque,
866 961 906 1027 de
928 985 991 1049 quo
1013 965 1106 1030 unice
1128 963 1193 1028 dis·

106 1063 232 1146 seritur,
252 1071 349 1148 poeta
370 1061 466 1126 etiam
487 1061 530 1126 ad
549 1062 666 1127 vitiosa
687 1071 781 1147 atque
802 1063 911 1150 inepta
933 1065 1075 1129 carmina
1090 1064 1193 1129 detor-

104 1183 203 1248 quere
227 1160 389 1248 potuerit‘?
429 1161 523 1226 Dixit
548 1162 682 1248 perinde
701 1184 753 1239 ,ac
777 1161 946 1228 Trebatius
975 1165 1117 1230 carmena
1134 1167 1194 1250 fa-

105 1285 205 1344 mosa,
228 1271 263 1325 ut
284 1283 327 1325 ex
347 1261 499 1348 oppositis
521 1259 715 1326 carminibus
737 1260 829 1327 bonis
855 1269 951 1349 patet.
996 1262 1061 1328 Ofr.
1090 1263 1193 1350 Epist.

105 1360 150 1446 II,
175 1364 202 1443 1,
226 1359 296 1425 152.
320 1383 389 1447 sqq.
412 1363 488 1448 quin
515 1363 617 1426 etiarn⁴
634 1361 685 1426 bea
708 1384 870 1448 poenaque
897 1363 970 1444 lata,
1003 1363 1084 1427 ruabo
1116 1387 1195 1449 quae

106 1461 198 1525 nollet
219 1461 356 1524 earrurire
377 1484 557 1547 quemquam
571 1459 714 1525 describi.
750 1459 853 1526 Error
866 1471 972 1526 autem
985 1461 1196 1548 interpretum

107 1558 183 1623 inde
205 1560 333 1643 exstitit,
355 1559 442 1644 quod
461 1559 596 1624 verbum
616 1559 763 1648 budatus
782 1582 846 1625 non
861 1569 950 1625 recte
963 1561 1194 1648 percipiebant,

108 1658 193 1723 unde
217 1659 315 1734 etiam
336 1682 368 1723 v.
390 1658 411 1723 l.
433 1659 582 1724 laudatar
602 1659 759 1746 provenit.
799 1659 997 1736 ¹Construunt
1025 1662 1109 1724 enim
1129 1661 1204 1726 bru·-

110 1758 203 1822 datus
223 1757 327 1823 iudice
353 1757 500 1840 Caesare,
529 1767 583 1823 aut
603 1759 654 1823 ad'
670 1758 816 1824 laudmus
842 1769 949 1828 mente
977 1759 1130 1833 adiiciunt
1155 1761 1195 1825 ab

108 1881 154 1923 eo.
190 1856 311 1945 Aperte
332 1880 409 1923 vero
431 1858 585 1923 laudatae
608 1859 788 1944 insequenti
814 1859 932 1946 inteq'er
956 1859 1128 1945 respondet
1156 1882 1196 1926 ao

108 1958 181 2022 vice
208 1957 352 2044 fungitur
379 1958 533 2023 adiectivi
560 1956 709 2044 valetque
722 1998 727 2009 ι
740 1957 832 2023 laude
853 1957 985 2049 'diqnua
1023 1958 1090 2047 cfr.
1117 1958 1207 2025 Seu.
1248 2024 1251 2034 ,

108 2056 212 2144 Epist.
241 2057 311 2141 102.
356 2056 456 2134 Quuru
482 2058 620 2145 tropicus
646 2058 697 2122 ilie
723 2056 892 2144 apud'uos
918 2060 973 2140 ait,
1000 2059 1196 2146 maqniflouru

109 2180 174 2221 esse
194 2156 325 2222 budoni
342 2179 364 2220 a
383 2155 509 2222 madata
530 2159 607 2240 viro,
629 2155 721 2222 baudo
742 2156 837 2243 dr‘quo
858 2158 912 2221 ait.
948 2156 1041 2222 Mart
1062 2157 1123 2242 IlI,
1144 2157 1197 2242 53,

109 2256 140 2321 5.
171 2256 321 2321 Praemia
342 2256 469 2321 hudato
491 2257 600 2321 tribuit
620 2257 700 2321 mebi
715 2255 831 2321 Caesar
848 2269 983 2343 uterque.
1012 2257 1102 2342 Ergo
1118 2257 1196 2322 ordo

97 2354 280 2421 ¹uerborum
301 2354 356 2420 hic
378 2364 438 2420 est:
459 2354 517 2420 sed
535 2356 568 2421 si
585 2357 655 2442 quis
675 2355 821 2424 laudatus
841 2355 1017 2420 condiderit
1044 2358 1125 2423 bona
1149 2359 1197 2422 iu·

108 2455 176 2520 drce
202 2455 347 2539 Caesare,
372 2478 402 2541 0
429 2457 499 2541 qais
525 2457 592 2542 epse
617 2457 734 2542 enteqer
754 2454 916 2520 latraverit
945 2457 1121 2542 opprobriis
1150 2455 1196 2521 di·

105 2555 221 2643 qaum?
261 2553 327 2620 Sed
358 2554 490 2641 vulgato
521 2555 683 2620 latraverit
715 2576 787 2619 cum
822 2553 968 2620 Bentleio
1003 2555 1195 2638 broerauerit,
1302 2582 1316 2603 ψ·

110 2655 198 2770 quod
217 2653 361 2720 nonnulli
375 2653 471 2720 MSS.
495 2663 672 2738 servarunt,
693 2654 766 2719 ideo
782 2653 1023 2733 anteferendum
1042 2665 1100 2739 est,
1114 2655 1198 2740 quia

110 2755 258 2818 satiricus
279 2764 376 2841 poeta
395 2777 460 2819 non
481 2756 584 2837 latrat,
607 2753 665 2819 sed
685 2753 777 2819 ridet.
813 2753 987 2819 Praeterea
1000 2751 1130 2819 latratus
1144 2775 1197 2831 res

111 2864 160 2918 est
186 2855 290 2918 inanis
315 2875 377 2917 nee
398 2852 496 2918 ullum
516 2853 615 2919 habet
636 2854 800 2937 effectum,
820 2845 884 2917 nisi
909 2852 1030 2939 quod
1019 2876 1124 2996 ipsum
1150 2853 1194 2919 la·

111 2960 263 3017 tratorem
285 2950 481 3018 dehonestet.

110 3101 200 3154 V..86
284 3100 456 3176 Solvuntur
471 3115 540 3151 risu
555 3099 857 3164 tabulae,tnm1asus
874 3099 968 3152 abibis.
1048 3104 1050 3108 ’

194 3198 299 3266 Valde
325 3200 422 3266 variis
454 3199 631 3265 rationibus
659 3222 712 3265 vv.
742 3198 796 3264 dd.
812 3199 924 3282 'verba
950 3199 1105 3266 solventur
1129 3202 1200 3270 risu·

40 3345 45 3353 -
110 3300 231 3366 tabulae
253 3298 416 3388 explicare
438 3299 633 3365 studuerunt.
670 3298 833 3365 Gesnerus
855 3308 1003 3377 eventum
1023 3299 1143 3386 iudicii,
1163 3303 1199 3368 in

111 3422 174 3485 quo
197 3399 440 3486 Epaminondas
463 3399 507 3484 (v.
529 3400 612 3486 Nep.
634 3398 679 3484 8.)
703 3421 833 3465 causam
855 3399 994 3483 dicebat,
1011 3400 1147 3466 contulit
1167 3411 1199 3467 et

112 3500 233 3564 tabulas
255 3501 412 3584 cogitavit
432 3498 565 3565 tabellas
579 3499 763 3565 iudiciarias
779 3520 859 3582 esse,
880 3499 961 3565 solui
974 3499 1008 3583 (i.
1025 3509 1053 3564 e'.
1067 3503 1197 3590 franqr)

111 3600 181 3664 risu
202 3600 347 3665 subsedia
366 3621 425 3686 pro
453 3601 577 3664 comica
601 3598 778 3689 hyperbole
805 3597 939 3664 habens.
981 3598 1198 3685 Heindorfius,
1263 3640 1266 3645 -

110 3720 176 3762 non
204 3698 478 3785 comprehendens
498 3700 526 3764 is
546 3698 685 3785 quidem,
706 3699 752 3765 uti
773 3698 901 3764 tabellae
921 3697 1111 3764 iudiciariae
1131 3700 1199 3764 risu

109 3799 217 3885 frangi
248 3799 385 3887 possint,
417 3798 561 3863 Trebatii
588 3820 775 3885 responsum
797 3789 846 3863 ita
877 3797 1020 3862 resolvit:
1054 3822 1087 3862 es
1118 3798 1202 3864 uird
1266 3789 1269 3794 ’

109 3899 176 3964 sieb
197 3900 247 3963 er‘re
273 3898 388 3963 solebas
414 3897 578 3963 Geldcbter
608 3900 749 3981 erbeben,
777 3897 852 3962 dass
877 3896 980 3961 dauon
1005 3896 1056 3962 die
1084 3892 1199 3962 Breter

111 4024 170 4063 aas
191 3997 340 4063 einander
358 3998 463 4085 peden.
506 3996 573 4062 Alii
594 3997 658 4063 aha
679 3998 767 4062 dicta
786 3997 986 4061 invenerunt.
1016 3994 1128 4061 ¹Nobis
1149 4019 1199 4062 se-

112 4121 209 4164 verus
231 4097 401 4164 Trebatius
422 4096 502 4162 nihil
523 4097 650 4162 omuino
671 4097 798 4163 ridiculi
817 4095 1044 4180 immiscuisse,
1066 4094 1124 4160 sed
1142 4117 1199 4184 po·

113 4197 176 4264 tius
198 4198 294 4264 etad
315 4205 453 4281 sanctas,
476 4218 557 4284 quas
577 4197 673 4277 modo
694 4198 856 4263 minitatus
878 4204 963 4280 erat,
986 4193 1078 4284 leges
1106 4195 1201 4264 etad
