2678 4642
392 244 428 292 ns
449 241 638 291 serrassent
659 243 787 291 nmnun
806 242 939 291 rnmun
1166 223 1206 288 61

122 407 245 475 branae
267 431 306 473 ac
325 405 454 474 habent
494 407 639 473 Bentleio
660 416 767 473 tamen
787 406 1019 495 perabsurdum
1041 404 1208 471 videbatur

121 508 231 573 sordes
251 531 289 572 ae
309 509 408 572 lustra
429 507 611 592 coniugare,
636 508 722 593 quod
744 529 783 572 ea
803 507 881 572 vitia
899 528 1027 592 prorsus
1049 505 1209 569 contraria

121 616 242 690 essent,
267 628 371 693 neque
400 607 434 670 in
460 628 557 670 unum
582 605 743 670 hominem
770 605 882 670 eodem
908 613 1052 691 tempore
1079 612 1209 690 possent

121 705 278 771 recidere.
320 705 433 791 Itaque
454 718 509 769 aut
529 705 700 770 scholiasta
720 705 847 769 Acrone
868 705 976 786 fretus,
1002 703 1091 768 cuius
1111 703 1208 768 fidem

121 804 164 870 ad
186 804 253 870 Sat.
275 805 302 884 Ι,
323 805 357 888 5,
380 804 430 868 86.
453 805 529 869 satis
551 806 778 891 spectavimus,
802 804 878 867 item
899 803 966 867 fere
987 801 1098 887 intulit,
1120 812 1154 867 ut
1173 825 1205 869 v.

121 904 172 969 53.
193 892 329 990 possunt
355 926 397 967 ex
421 905 562 990 pessima
590 904 790 968 enarratione
812 901 999 967 scholiastae
1022 900 1207 986 Oruquiani.

121 1003 242 1068 Verum
265 1004 293 1067 si
312 1026 378 1068 vox
399 1002 515 1084 sordes,
536 1011 570 1066 ut
583 1002 728 1067 Bentleio
748 1000 908 1086 placuisse
921 1000 1055 1084 videtur,
1076 1002 1208 1065 nimiam

121 1103 350 1189 parsimoniam
382 1101 612 1186 designaverit,
643 1103 726 1165 mira
756 1100 940 1164 nonnemini
971 1099 1118 1164 videatur
1148 1101 1210 1165 ista

122 1200 300 1268 disiunctio,
317 1224 412 1287 neque
438 1203 606 1265 uvam'tr'am
630 1223 725 1286 neque
751 1199 867 1265 sordes.
911 1197 1084 1263 Coniunxit
1103 1200 1208 1285 potius

121 1299 251 1365 Tacitus
272 1301 355 1364 Hist.
378 1299 410 1383 I,
423 1300 487 1364 52.
515 1300 637 1365 sordem
665 1314 693 1364 et
713 1300 890 1363 aoam'tz'am.
932 1297 1070 1363 Proinde
1091 1320 1208 1364 nomen

121 1398 231 1463 sordes
250 1390 595 1470 minimehic'nimiam
609 1399 844 1484 parsimoniam,
866 1397 923 1462 sed
938 1399 1091 1462 avaritiae
1111 1418 1207 1484 oppo-

122 1498 215 1562 sitam
235 1499 335 1563 vitam
355 1521 504 1584 spurcam
526 1497 678 1580 declarat,
700 1519 836 1584 quacum
857 1498 940 1562 mum
955 1498 1053 1562 lustra
1066 1496 1207 1583 perbene

123 1597 325 1661 concordant.
362 1596 428 1662 On.
457 1596 523 1661 Sat.
549 1597 581 1680 I,
608 1596 643 1680 4,
669 1597 720 1661 48.
749 1619 818 1683 sqq.
864 1595 955 1682 Ergo
986 1609 1040 1660 aut
1070 1594 1207 1659 Acronis

121 1703 244 1761 tantum
274 1696 496 1783 indiligentiae
531 1695 734 1761 tribuendum
762 1704 810 1760 est
835 1704 867 1760 et
891 1719 929 1759 ae
956 1695 1089 1760 Horatio
1115 1693 1207 1760 reddi

124 1795 229 1860 debet.

122 1927 152 1980 V.
170 1930 210 1979 ta.
227 1943 283 1994 sqq.
317 1927 407 1977 Noluit
422 1928 450 1976 in
466 1925 545 1977 Flavi
560 1926 651 1976 ludum
666 1941 708 1976 me
724 1927 831 1990 mittere,
847 1926 936 1992 magni

319 2012 377 2072 Quo
394 2011 468 2075 pueri
485 2011 586 2076 magnis
604 2024 619 2059 e
636 2009 827 2059 centurionibus
844 2011 901 2072 orti,

317 2093 407 2143 Laevo
425 2093 545 2156 suspensi
558 2091 660 2153 ,loculos
676 2091 846 2157 tabulamque
862 2092 967 2154 lacerto,

319 2175 397 2225 Ibant
414 2175 538 2226 octonis
554 2175 729 2225 referentes
746 2162 851 2225 idibus
869 2190 948 2226 aera.

205 2290 312 2370 Quum
338 2291 431 2376 pueri
457 2290 491 2353 in
512 2290 619 2354 Flavii
641 2289 715 2355 ludo
736 2289 782 2354 nil
801 2291 863 2354 nisi
884 2288 1083 2356 arithmetica
1104 2288 1208 2352 disce·

122 2397 206 2473 rent,
228 2390 379 2454 Horatius
401 2389 655 2474 quattuordecim
675 2389 743 2454 fere
765 2411 864 2453 annos
885 2398 977 2454 natus
998 2397 1127 2475 epatre
1149 2409 1206 2451 suo

121 2487 254 2553 Romam
268 2488 423 2553 deductus
440 2498 496 2573 est,
511 2498 545 2553 ut
558 2490 678 2575 pariter
692 2512 731 2554 ac
744 2489 801 2554 filii
816 2491 954 2574 equitum
965 2498 1206 2573 senatorumque

123 2587 233 2652 litteris
261 2587 425 2653 altioribus
452 2589 639 2653 erudiretur.
683 2589 837 2670 Quamvis
863 2588 937 2654 bino
962 2589 1027 2655 ian
1054 2595 1207 2676 patescat,

122 2687 289 2752 Horatium
320 2709 384 2752 non
417 2687 459 2753 ob
486 2686 642 2752 minerval
668 2687 781 2753 Flavio
808 2687 870 2753 hoe
898 2687 952 2753 vel
976 2685 1030 2753 illo
1055 2688 1206 2773 temporis

121 2796 237 2873 puncto
259 2785 446 2851 solvendum
465 2787 600 2852 Romam
619 2795 778 2873 portatum
792 2808 873 2871 esse,
894 2796 1000 2851 tamen
1013 2786 1141 2873 plurimi
1151 2809 1204 2852 vv.

123 2885 175 2951 dd.
202 2885 302 2950 verba
328 2888 446 2951 octonis
472 2889 640 2973 rq‘erentes
663 2885 768 2950 edibus
795 2909 871 2951 aera
892 2885 934 2951 ad
953 2885 1032 2950 illud
1051 2883 1207 2950 minerval

55 3034 57 3039 .
121 3006 275 3050 revocare
298 2986 402 3049 conati
423 2994 503 3068 sunt,
526 3007 587 3071 quo
609 2986 775 3055 conamine
796 2986 904 3050 nescio
926 2984 1076 3069 equidem
1096 3006 1138 3048 an
1158 2985 1205 3048 in·

122 3083 247 3149 felicius
274 3083 395 3148 nullum
416 3085 602 3170 reperiatur.
645 3084 702 3148 Ait
722 3107 799 3148 sane
819 3083 994 3170 Dionysius
1015 3081 1205 3148 Lambinus:

120 3184 259 3265 „octonae
279 3183 384 3247 idibus
406 3183 502 3268 dixit,
530 3185 606 3269 quia
630 3183 739 3247 iduum
761 3183 829 3249 dies
851 3192 922 3248 sunt
942 3182 1044 3248 octo.“
1084 3183 1207 3249 Verum

121 3304 183 3347 nec
203 3283 297 3368 pueri
317 3283 460 3366 credant,
481 3283 543 3347 nisi
563 3284 618 3367 qui
631 3281 772 3347 nondum
785 3305 861 3347 aere
874 3282 1029 3366 lavantur,
1051 3290 1121 3349 octo
1136 3282 1205 3347 dies

121 3382 214 3447 nonis
229 3382 383 3467 cuiusque
396 3383 514 3447 mensis
532 3381 739 3447 succedentes
754 3381 825 3446 idus
838 3391 967 3447 vocatos
983 3404 1053 3447 esse
1067 3381 1204 3468 indeque

120 3490 248 3568 poetam
274 3480 344 3545 idus
371 3489 500 3545 octonas
527 3480 669 3547 finxisse.
712 3480 796 3545 Illud
823 3482 907 3547 enim
933 3482 961 3547 si
980 3503 1092 3547 verum
1114 3488 1205 3565 esset,

121 3579 216 3667 plane
238 3601 302 3643 non
322 3580 442 3664 fuisset,
466 3602 523 3645 cur
543 3583 661 3646 octonae
681 3581 814 3668 amplius
834 3581 1013 3646 adderetur.
1050 3580 1121 3662 Quo
1136 3581 1204 3668 qui·
1231 3574 1234 3579 ⁶

122 3679 196 3744 dem
217 3679 375 3745 vocabulo
396 3678 523 3745 adiecto
544 3689 616 3744 ante
637 3680 743 3744 omnia
757 3679 936 3744 docendum
950 3689 1027 3765 erat,
1050 3673 1205 3745 aLatinis

121 3780 240 3844 octont'a
263 3779 369 3843 ritibus
390 3778 607 3866 duotempora
628 3778 854 3863 diversissima,
876 3778 998 3844 scilicet
1011 3775 1077 3859 octe
1090 3779 1206 3865 ,iduum

121 3879 189 3943 dr'ea
209 3881 355 3964 cuiusque
375 3881 489 3943 menn's
510 3888 542 3943 et
562 3879 635 3943 idus
656 3878 832 3944 octonorum
851 3879 1011 3960 mennam,
1039 3875 1223 3964 designata¹

122 3998 203 4060 esse,
226 3977 312 4064 quod
332 3977 441 4042 doceri
462 3979 571 4063 nequit
577 4027 586 4061 ,
607 3999 682 4043 nam
703 3976 765 4042 hoc
785 3978 964 4063 promiscuo
984 3998 1045 4041 usu
1065 3978 1204 4063 admisso

120 4078 202 4163 quis,
224 4098 354 4163 quaeso,
373 4085 502 4145 octonas
517 4076 587 4143 illas
602 4077 673 4142 idus
686 4076 876 4165 permultum
891 4075 1071 4141 differentes
1086 4077 1204 4143 discer-

64 4266 67 4274 .
122 4198 201 4242 nere
221 4176 396 4264 potuisset?
429 4175 509 4242 Sunt
528 4177 637 4263 itaque
658 4191 782 4243 octonae
802 4176 875 4242 idus
888 4197 945 4263 pro
960 4177 1081 4245 octonis
1094 4176 1210 4248 iduum
