2678 4642
460 314 463 319 ³
544 245 780 296 conmortuus

317 412 385 464 llam
401 412 502 463 Canusi
516 411 659 478 lapidosus,
675 419 761 478 aquae
776 426 830 462 non
847 410 924 461 ditior
938 425 1016 460 urna

316 496 368 558 Qui
383 494 458 546 locus
475 511 492 546 a
507 495 568 546 forti
583 495 711 546 Diomede
727 499 767 544 est
783 494 902 551 conditus
919 493 988 545 olim.

204 591 400 680 Oppidulum
434 593 476 659 ab
507 592 642 659 Horatio
673 592 886 678 indigetatum
915 591 1037 656 nullum
1068 598 1118 655 est
1146 590 1214 654 nisi

121 691 233 778 Equus
253 692 383 776 tuticus,
407 692 464 758 ubi
485 691 663 778 Campania
682 692 814 757 limitem
835 690 985 756 habebat.
1027 690 1102 755 Hoc
1124 691 1213 755 enirn

120 812 237 856 nomen
257 813 319 856 nec
339 792 521 856 inversum
540 791 760 873 hexametrum
782 791 856 876 cogi
870 799 996 877 poterat
1009 800 1041 855 et
1053 789 1211 877 perfacile

120 899 188 955 erat
209 889 252 955 ad
272 890 477 976 signandum,
498 913 614 978 nempe
643 912 760 976 magno
788 912 886 976 equo,
914 890 969 976 qui
988 891 1058 976 ipso
1079 892 1211 954 nomine

120 989 315 1076 designatum.
358 989 479 1054 Verum
503 989 656 1054 Horatius
686 991 818 1074 eiusque
848 990 980 1054 comites
1006 989 1137 1053 Trivico
1158 1011 1212 1053 re-

121 1087 210 1173 licto,
237 1088 323 1174 quod
342 1088 470 1152 Acrone
498 1098 628 1153 auctore
655 1089 689 1152 in
709 1089 772 1152 fine
794 1087 991 1175 Campaniae
1012 1089 1107 1152 situm
1130 1097 1211 1171 erat,

123 1197 269 1274 quattuor
290 1196 321 1252 et
341 1188 456 1272 viginti
477 1187 566 1253 milia
586 1186 694 1253 rhedis
715 1188 798 1274 rapti
819 1188 884 1253 iam
902 1188 936 1251 in
949 1185 1122 1274 Appuliam
1136 1210 1211 1274 per«

119 1286 248 1352 venisse
268 1285 433 1351 traduntur
453 1295 485 1350 et
506 1309 603 1372 quum
625 1287 809 1374 oppidulum
826 1287 939 1373 Equus
960 1286 1075 1351 tuticus
1095 1308 1211 1352 secun·

121 1385 196 1451 dum
209 1385 356 1450 Itinerar.
378 1384 532 1450 Antonini
553 1395 584 1450 et
604 1387 750 1453 Itinerar.
765 1384 924 1450 Hierosol.
947 1386 981 1449 in
999 1384 1098 1450 limite
1115 1385 1211 1452 Cam·

60 1483 62 1487 ’
120 1484 237 1572 paniae
264 1486 358 1549 situm
379 1494 478 1569 esset,
505 1484 684 1573 complures
705 1509 758 1550 vv.
774 1485 834 1556 dd.
856 1494 911 1550 aut
931 1484 972 1549 de
994 1483 1094 1550 altero
1114 1485 1212 1571 Equo

122 1585 220 1650 tutico
246 1593 302 1649 aut
329 1584 369 1649 de
390 1583 453 1649 alio
475 1586 602 1650 omnino
625 1584 775 1672 oppidulo
796 1572 946 1670 cogitant.
976 1584 1128 1649 Attamen
1142 1593 1209 1649 tan·

123 1692 190 1748 tum
217 1682 318 1768 abest,
339 1692 373 1748 ut
392 1684 543 1749 Horatius
564 1684 632 1749 istis
655 1683 842 1769 obloquatur
863 1684 1067 1767 testimoniis,
1094 1684 1212 1771 quibus

120 1782 233 1868 Equus
254 1785 369 1848 tuticus
389 1784 424 1848 in
443 1783 543 1848 limite
566 1783 762 1871 Campaniae
783 1783 918 1869 ponitur,
940 1792 974 1846 ut
988 1782 1103 1848 eadem
1116 1805 1211 1870 prae·

123 1881 210 1948 clarc
237 1882 401 1948 confirmet
424 1882 474 1948 his
495 1871 620 1949 verbis:
651 1884 734 1947 altra
752 1882 887 1947 ⁴callidae
907 1895 942 1947 at
961 1883 1058 1948 soleat
1077 1883 1213 1948 dometis

117 1996 247 2068 portare
272 1983 388 2065 viator,
417 1983 535 2069 quippe
560 1984 644 2048 atra
669 1978 837 2051 manifesto
859 1981 1018 2067 significat
1037 1983 1072 2048 ia
1084 1996 1213 2069 partem

121 2082 296 2146 ulteriorem
336 2105 376 2146 ea
410 2083 552 2147 citeriore
587 2104 644 2146 seu
679 2105 718 2146 ea
757 2080 930 2167 Campania
963 2082 998 2146 in
1030 2081 1211 2168 Appuliam.

121 2179 260 2245 Proinde
282 2180 491 2267 Campaniam
518 2180 703 2268 oppidulum
723 2180 836 2265 Equus
862 2180 977 2244 tuticus
1004 2180 1137 2245 finiebat
1155 2203 1210 2245 ne·

123 2301 185 2366 que
210 2274 287 2344 vero
308 2279 486 2364 Triricum,
514 2289 548 2343 ut
574 2279 675 2346 bonus
695 2279 805 2344 Acron
832 2278 875 2344 ad
895 2302 926 2344 v.
950 2280 999 2345 79.
1022 2279 1212 2364 somniabat,

124 2379 213 2443 cuius
245 2377 342 2443 fidem
368 2377 420 2445 vel
445 2378 598 2443 insulsum
630 2378 710 2443 illud
742 2387 953 2443 commentum
984 2401 1043 2464 qao
1073 2380 1213 2458 aedicolae

121 2479 228 2544 iaacto
254 2477 398 2543 accedere
424 2491 587 2566 aeqaeaat,
616 2501 688 2565 erpo
710 2477 864 2542 Horatiae
883 2478 929 2542 od
947 2479 1052 2543 ailiam
1073 2478 1212 2561 devertit,

122 2577 187 2643 iam
214 2575 387 2663 explodere
420 2576 575 2661 debebat,
606 2577 758 2662 quoniam
787 2575 865 2642 talia
894 2598 960 2643 non
985 2578 1211 2666 geographum

124 2676 277 2760 redolent,
299 2675 357 2741 sed
376 2675 544 2761 loquacem
566 2698 672 2740 anum.

206 2775 336 2861 Equum
364 2777 497 2840 tuticum
518 2784 624 2840 autem
651 2775 828 2842 Diomedes
854 2797 957 2861 aeque
985 2784 1080 2862 atque
1106 2776 1211 2842 Canu·

123 2874 205 2940 sium
231 2873 413 2941 condidisse
438 2875 582 2941 traditur.
631 2876 672 2941 V.
699 2875 793 2942 Serv.
821 2875 863 2942 ad
888 2875 980 2960 Virg.
1006 2875 1090 2940 Aeu.
1120 2877 1211 2960 VIII,

123 2975 154 3040 9.
177 2982 208 3039 et
229 2973 334 3039 Strab.
356 2974 415 3058 VI,
436 2974 467 3039 9.
508 2973 575 3040 Cur
595 2971 693 3061 igitur
712 2976 864 3042 Horatius
886 2974 983 3039 solius
1004 2973 1138 3040 Canusii
1157 2997 1211 3040 ne·

124 3096 186 3160 que
207 3073 301 3138 simul
318 3073 405 3160 Equi
425 3075 515 3139 tutici
536 3074 732 3140 conditorem
752 3073 999 3140 memoraverit?
1030 3074 1144 3140 Nonne
1165 3075 1214 3140 rei

125 3174 229 3259 magis
257 3183 505 3239 consentaneum
530 3174 641 3259 fuerit,
670 3184 724 3240 aut
748 3176 910 3260 utriusque
932 3173 1041 3259 oppidi
1063 3182 1117 3239 aut
1136 3196 1212 3238 neu·

123 3274 201 3338 trius
223 3280 384 3338 auctorem
405 3275 591 3361 apponere?
628 3275 774 3340 Alterum
799 3273 929 3361 quidem
949 3272 1095 3337 Bentleio
1119 3296 1212 3361 prae·

124 3374 255 3438 stantius
276 3373 454 3453 videbatur,
476 3383 616 3439 attamen
636 3399 667 3440 v.
684 3375 735 3440 92.
750 3375 807 3460 qai
824 3375 909 3438 boae
930 3397 951 3437 o
962 3374 1054 3458 forti
1064 3373 1213 3438 Diomede

125 3484 170 3536 eat
196 3472 337 3537 conditas
362 3473 435 3538 clim
458 3481 546 3538 recte
573 3474 731 3560 proscribi
757 3475 879 3559 nequit,
909 3472 985 3557 quia
1013 3493 1051 3537 eo
1080 3471 1213 3560 expulso

124 3570 227 3637 verba
247 3595 349 3656 aquae
367 3595 429 3637 aaa
450 3573 547 3637 ditior
566 3597 648 3638 amaa
667 3596 733 3639 non
753 3571 887 3660 amplius
908 3570 1043 3655 habent,
1065 3570 1108 3636 ad
1129 3570 1214 3658 quod

126 3670 414 3736 accommodentur.
450 3671 533 3736 Tum
554 3696 652 3757 aquae
673 3697 754 3739 amaa
773 3694 839 3738 non
860 3671 1020 3756 significat
1040 3692 1145 3756 aquae
1162 3691 1213 3736 co·

125 3771 213 3858 piam
232 3792 338 3856 neque
359 3795 448 3855 ama,
470 3779 577 3858 utpote
599 3780 704 3837 certus
726 3781 873 3859 quattuor
889 3772 1076 3858 congiorum
1090 3771 1214 3854 modus,

126 3879 182 3936 aut
202 3870 294 3935 ditior
316 3879 370 3935 aut
389 3871 562 3959 pauperior
583 3870 647 3936 dici
667 3880 784 3959 potest:
815 3871 991 3936 Praeterea
1010 3869 1148 3956 simplex
1168 3871 1215 3936 di

126 3971 189 4035 tior
215 3988 373 4056 nusquam
398 3979 446 4036 est
466 3972 600 4036 uberior.
642 3971 704 4037 His
724 3973 812 4036 nisus
835 3971 1030 4058 argumentis
1052 3970 1215 4055 utriusque

127 4071 229 4156 potius
255 4069 365 4157 oppidi
392 4070 587 4137 conditorem
614 4070 657 4137 ab
684 4071 819 4137 Horatio
845 4070 979 4159 perinde
1005 4079 1215 4135 memoratum

126 4169 228 4236 fuisse
259 4169 413 4256 arbitror,
450 4172 496 4238 uti
527 4170 672 4257 aequalis
704 4189 809 4259 aquae
843 4170 980 4259 penuria
1016 4169 1119 4236 relata
1156 4178 1214 4236 est.
