<?xml version="1.0" encoding="UTF-8"?>
<!DOCTYPE html PUBLIC "-//W3C//DTD XHTML 1.0 Transitional//EN"
    "http://www.w3.org/TR/xhtml1/DTD/xhtml1-transitional.dtd">
<html xmlns="http://www.w3.org/1999/xhtml" xml:lang="en" lang="en">
 <head>
  <title>
</title>
<meta http-equiv="Content-Type" content="text/html;charset=utf-8" />
  <meta name='ocr-system' content='tesseract 3.04.00' />
  <meta name='ocr-capabilities' content='ocr_page ocr_carea ocr_par ocr_line ocrx_word'/>
</head>
<body>
  <div class='ocr_page' id='page_1' title='image "./coniectaneainqh00apitgoog_0120.png"; bbox 0 0 2678 4642; ppageno 0'>
   <div class='ocr_carea' id='block_1_1' title="bbox 295 232 1179 298">
    <p class='ocr_par' dir='ltr' id='par_1_1' title="bbox 295 232 1179 298">
     <span class='ocr_line' id='line_1_1' title="bbox 295 232 1179 298; baseline 0.002 -2"><span class='ocrx_word' id='word_1_1' title='bbox 295 248 331 296; x_wconf 87' lang='lat' dir='ltr'>m</span> <span class='ocrx_word' id='word_1_2' title='bbox 352 246 543 296; x_wconf 66' lang='lat' dir='ltr'>stammam</span> <span class='ocrx_word' id='word_1_3' title='bbox 564 246 693 295; x_wconf 73' lang='lat' dir='ltr'>amnon</span> <span class='ocrx_word' id='word_1_4' title='bbox 717 245 902 296; x_wconf 82' lang='lat' dir='ltr'>snoannon</span> <span class='ocrx_word' id='word_1_5' title='bbox 1119 232 1179 298; x_wconf 86' lang='grc'>113</span> 
     </span>
    </p>
   </div>
   <div class='ocr_carea' id='block_1_2' title="bbox 84 411 1275 1573">
    <p class='ocr_par' dir='ltr' id='par_1_2' title="bbox 84 411 1275 1408">
     <span class='ocr_line' id='line_1_2' title="bbox 84 411 1269 500; baseline 0.003 -21"><span class='ocrx_word' id='word_1_6' title='bbox 84 415 130 499; x_wconf 93' lang='grc' dir='ltr'>ΙΙ,</span> <span class='ocrx_word' id='word_1_7' title='bbox 152 413 181 498; x_wconf 90' lang='lat'>8,</span> <span class='ocrx_word' id='word_1_8' title='bbox 206 414 256 478; x_wconf 83' lang='lat'>16.</span> <span class='ocrx_word' id='word_1_9' title='bbox 285 412 393 479; x_wconf 79' lang='lat' dir='ltr'>Oarm.</span> <span class='ocrx_word' id='word_1_10' title='bbox 415 412 443 497; x_wconf 95' lang='grc' dir='ltr'>Ι,</span> <span class='ocrx_word' id='word_1_11' title='bbox 465 412 494 496; x_wconf 85' lang='grc'>3,</span> <span class='ocrx_word' id='word_1_12' title='bbox 518 412 567 476; x_wconf 90' lang='grc'>16.</span> <span class='ocrx_word' id='word_1_13' title='bbox 590 411 617 495; x_wconf 96' lang='grc' dir='ltr'>Ι,</span> <span class='ocrx_word' id='word_1_14' title='bbox 639 412 668 496; x_wconf 89' lang='grc'>6,</span> <span class='ocrx_word' id='word_1_15' title='bbox 692 413 741 477; x_wconf 87' lang='grc'>19.</span> <span class='ocrx_word' id='word_1_16' title='bbox 764 413 790 496; x_wconf 89' lang='grc' dir='ltr'>Ι,</span> <span class='ocrx_word' id='word_1_17' title='bbox 814 411 863 496; x_wconf 93' lang='grc'>15,</span> <span class='ocrx_word' id='word_1_18' title='bbox 885 411 963 496; x_wconf 89' lang='grc'><strong>24.),</strong></span> <span class='ocrx_word' id='word_1_19' title='bbox 990 413 1069 479; x_wconf 82' lang='lat' dir='ltr'>alter</span> <span class='ocrx_word' id='word_1_20' title='bbox 1095 414 1177 500; x_wconf 79' lang='lat' dir='ltr'>(Sat.</span> <span class='ocrx_word' id='word_1_21' title='bbox 1266 448 1269 453; x_wconf 52' lang='lat'><em>&gt;</em></span> 
     </span>
     <span class='ocr_line' id='line_1_3' title="bbox 85 509 1177 598; baseline 0.004 -20"><span class='ocrx_word' id='word_1_22' title='bbox 85 514 113 598; x_wconf 92' lang='grc' dir='ltr'>Ι,</span> <span class='ocrx_word' id='word_1_23' title='bbox 135 514 165 598; x_wconf 90' lang='grc'>8,</span> <span class='ocrx_word' id='word_1_24' title='bbox 187 513 237 577; x_wconf 82' lang='grc'>30.</span> <span class='ocrx_word' id='word_1_25' title='bbox 260 513 304 596; x_wconf 91' lang='lat'>11,</span> <span class='ocrx_word' id='word_1_26' title='bbox 326 512 356 596; x_wconf 92' lang='grc'>8,</span> <span class='ocrx_word' id='word_1_27' title='bbox 380 511 456 596; x_wconf 90' lang='grc'><strong>10.),</strong></span> <span class='ocrx_word' id='word_1_28' title='bbox 475 513 512 576; x_wconf 85' lang='lat' dir='ltr'>in</span> <span class='ocrx_word' id='word_1_29' title='bbox 534 509 655 595; x_wconf 79' lang='lat' dir='ltr'>(Oarm.</span> <span class='ocrx_word' id='word_1_30' title='bbox 678 511 739 596; x_wconf 91' lang='grc' dir='ltr'>ΠΙ,</span> <span class='ocrx_word' id='word_1_31' title='bbox 760 511 812 596; x_wconf 84' lang='grc'>25,</span> <span class='ocrx_word' id='word_1_32' title='bbox 823 511 880 596; x_wconf 83' lang='grc'><strong>2.),</strong></span> <span class='ocrx_word' id='word_1_33' title='bbox 902 511 975 577; x_wconf 80' lang='lat' dir='ltr'>alia.</span> <span class='ocrx_word' id='word_1_34' title='bbox 1012 513 1053 578; x_wconf 92' lang='lat' dir='ltr'>V.</span> <span class='ocrx_word' id='word_1_35' title='bbox 1078 513 1177 582; x_wconf 82' lang='lat' dir='ltr'>Gesn.</span> 
     </span>
     <span class='ocr_line' id='line_1_4' title="bbox 85 610 1179 695; baseline 0.003 -16"><span class='ocrx_word' id='word_1_36' title='bbox 85 612 129 678; x_wconf 89' lang='lat' dir='ltr'>ad</span> <span class='ocrx_word' id='word_1_37' title='bbox 156 611 263 679; x_wconf 76' lang='lat' dir='ltr'>Carni.</span> <span class='ocrx_word' id='word_1_38' title='bbox 286 611 329 695; x_wconf 94' lang='grc' dir='ltr'>ΙΙ,</span> <span class='ocrx_word' id='word_1_39' title='bbox 351 611 380 695; x_wconf 89' lang='lat'>8,</span> <span class='ocrx_word' id='word_1_40' title='bbox 402 610 432 675; x_wconf 83' lang='lat'>3.</span> <span class='ocrx_word' id='word_1_41' title='bbox 477 610 583 691; x_wconf 78' lang='lat' dir='ltr'>Quum</span> <span class='ocrx_word' id='word_1_42' title='bbox 603 611 738 677; x_wconf 89' lang='lat' dir='ltr'>veroin</span> <span class='ocrx_word' id='word_1_43' title='bbox 767 610 823 676; x_wconf 87' lang='lat' dir='ltr'>tali</span> <span class='ocrx_word' id='word_1_44' title='bbox 851 612 994 692; x_wconf 87' lang='lat' dir='ltr'>oratione</span> <span class='ocrx_word' id='word_1_45' title='bbox 1021 625 1051 677; x_wconf 90' lang='lat' dir='ltr'>et</span> <span class='ocrx_word' id='word_1_46' title='bbox 1078 617 1179 682; x_wconf 87' lang='lat' dir='ltr'>omitti</span> 
     </span>
     <span class='ocr_line' id='line_1_5' title="bbox 85 709 1179 800; baseline 0.002 -23"><span class='ocrx_word' id='word_1_47' title='bbox 85 710 187 777; x_wconf 81' lang='lat' dir='ltr'>soleat</span> <span class='ocrx_word' id='word_1_48' title='bbox 214 710 258 796; x_wconf 89' lang='lat' dir='ltr'>(v.</span> <span class='ocrx_word' id='word_1_49' title='bbox 280 711 385 797; x_wconf 86' lang='lat' dir='ltr'><strong>Epist.</strong></span> <span class='ocrx_word' id='word_1_50' title='bbox 407 710 451 793; x_wconf 90' lang='lat' dir='ltr'>H,</span> <span class='ocrx_word' id='word_1_51' title='bbox 473 709 503 793; x_wconf 83' lang='lat'>3,</span> <span class='ocrx_word' id='word_1_52' title='bbox 525 710 596 774; x_wconf 99' lang='grc'><strong>227.</strong></span> <span class='ocrx_word' id='word_1_53' title='bbox 624 710 731 797; x_wconf 88' lang='lat' dir='ltr'>Epod.</span> <span class='ocrx_word' id='word_1_54' title='bbox 760 710 859 795; x_wconf 86' lang='lat' dir='ltr'>XVI,</span> <span class='ocrx_word' id='word_1_55' title='bbox 888 711 940 776; x_wconf 84' lang='lat'>21.</span> <span class='ocrx_word' id='word_1_56' title='bbox 978 709 1046 777; x_wconf 84' lang='lat' dir='ltr'>Sat.</span> <span class='ocrx_word' id='word_1_57' title='bbox 1074 713 1124 797; x_wconf 93' lang='grc' dir='ltr'>Π,</span> <span class='ocrx_word' id='word_1_58' title='bbox 1146 716 1179 800; x_wconf 87' lang='grc'>3,</span> 
     </span>
     <span class='ocr_line' id='line_1_6' title="bbox 87 807 1179 897; baseline 0.006 -23"><span class='ocrx_word' id='word_1_59' title='bbox 87 811 137 875; x_wconf 94' lang='grc'>77.</span> <span class='ocrx_word' id='word_1_60' title='bbox 160 810 256 897; x_wconf 81' lang='lat' dir='ltr'>sqq),</span> <span class='ocrx_word' id='word_1_61' title='bbox 290 808 472 874; x_wconf 88' lang='lat' dir='ltr'>Meinekius</span> <span class='ocrx_word' id='word_1_62' title='bbox 503 807 596 872; x_wconf 86' lang='lat' dir='ltr'>simul</span> <span class='ocrx_word' id='word_1_63' title='bbox 623 811 764 874; x_wconf 85' lang='lat' dir='ltr'>correxit</span> <span class='ocrx_word' id='word_1_64' title='bbox 795 835 884 897; x_wconf 84' lang='lat' dir='ltr'>quem</span> <span class='ocrx_word' id='word_1_65' title='bbox 917 813 1012 876; x_wconf 83' lang='lat' dir='ltr'>maia·</span> <span class='ocrx_word' id='word_1_66' title='bbox 1028 810 1179 893; x_wconf 65' lang='lat' dir='ltr'>studitae.</span> 
     </span>
     <span class='ocr_line' id='line_1_7' title="bbox 86 909 1177 997; baseline 0.004 -21"><span class='ocrx_word' id='word_1_67' title='bbox 86 933 300 997; x_wconf 83' lang='lat' dir='ltr'>quemeumque</span> <span class='ocrx_word' id='word_1_68' title='bbox 323 911 452 975; x_wconf 81' lang='lat' dir='ltr'>inscitia</span> <span class='ocrx_word' id='word_1_69' title='bbox 470 910 541 973; x_wconf 80' lang='lat' dir='ltr'>aeri</span> <span class='ocrx_word' id='word_1_70' title='bbox 559 919 620 973; x_wconf 88' lang='lat' dir='ltr'>eto.</span> <span class='ocrx_word' id='word_1_71' title='bbox 654 909 735 973; x_wconf 87' lang='lat' dir='ltr'><strong>Item</strong></span> <span class='ocrx_word' id='word_1_72' title='bbox 756 909 848 974; x_wconf 84' lang='lat' dir='ltr'>malis</span> <span class='ocrx_word' id='word_1_73' title='bbox 870 923 899 974; x_wconf 91' lang='lat' dir='ltr'>et</span> <span class='ocrx_word' id='word_1_74' title='bbox 920 909 1035 975; x_wconf 87' lang='lat' dir='ltr'>abesse</span> <span class='ocrx_word' id='word_1_75' title='bbox 1056 937 1088 979; x_wconf 88' lang='lat' dir='ltr'>v.</span> <span class='ocrx_word' id='word_1_76' title='bbox 1104 913 1177 980; x_wconf 83' lang='lat'><strong>313.</strong></span> 
     </span>
     <span class='ocr_line' id='line_1_8' title="bbox 87 1005 1179 1079; baseline 0.005 -6"><span class='ocrx_word' id='word_1_77' title='bbox 87 1023 173 1074; x_wconf 83' lang='lat' dir='ltr'>tauto</span> <span class='ocrx_word' id='word_1_78' title='bbox 196 1009 380 1074; x_wconf 69' lang='lat' dir='ltr'><em>dissimilem</em></span> <span class='ocrx_word' id='word_1_79' title='bbox 401 1021 429 1072; x_wconf 93' lang='lat' dir='ltr'>et</span> <span class='ocrx_word' id='word_1_80' title='bbox 450 1020 534 1072; x_wconf 87' lang='lat' dir='ltr'>tauto</span> <span class='ocrx_word' id='word_1_81' title='bbox 556 1022 675 1074; x_wconf 81' lang='lat' dir='ltr'>certare</span> <span class='ocrx_word' id='word_1_82' title='bbox 696 1011 854 1074; x_wconf 80' lang='lat' dir='ltr'><em>minorem.</em></span> <span class='ocrx_word' id='word_1_83' title='bbox 888 1007 954 1075; x_wconf 85' lang='lat' dir='ltr'>Sed</span> <span class='ocrx_word' id='word_1_84' title='bbox 977 1005 1035 1077; x_wconf 79' lang='lat' dir='ltr'>eir.</span> <span class='ocrx_word' id='word_1_85' title='bbox 1058 1034 1089 1078; x_wconf 83' lang='lat' dir='ltr'>v.</span> <span class='ocrx_word' id='word_1_86' title='bbox 1105 1014 1179 1079; x_wconf 86' lang='grc'><strong>231.</strong></span> 
     </span>
     <span class='ocr_line' id='line_1_9' title="bbox 86 1107 1275 1200; baseline 0.003 -26"><span class='ocrx_word' id='word_1_87' title='bbox 86 1132 134 1196; x_wconf 93' lang='lat' dir='ltr'>sq.</span> <span class='ocrx_word' id='word_1_88' title='bbox 157 1108 315 1196; x_wconf 83' lang='lat' dir='ltr'>quidquid</span> <span class='ocrx_word' id='word_1_89' title='bbox 333 1109 419 1190; x_wconf 75' lang='lat' dir='ltr'>milii,</span> <span class='ocrx_word' id='word_1_90' title='bbox 446 1107 601 1194; x_wconf 80' lang='lat' dir='ltr'>quidquid</span> <span class='ocrx_word' id='word_1_91' title='bbox 620 1121 649 1172; x_wconf 89' lang='lat' dir='ltr'>et</span> <span class='ocrx_word' id='word_1_92' title='bbox 675 1109 785 1174; x_wconf 78' lang='lat' dir='ltr'>horam</span> <span class='ocrx_word' id='word_1_93' title='bbox 811 1110 920 1195; x_wconf 82' lang='lat' dir='ltr'>auique</span> <span class='ocrx_word' id='word_1_94' title='bbox 946 1110 1034 1200; x_wconf 83' lang='lat' dir='ltr'>domi</span> <span class='ocrx_word' id='word_1_95' title='bbox 1058 1125 1115 1196; x_wconf 83' lang='lat' dir='ltr'>eet,</span> <span class='ocrx_word' id='word_1_96' title='bbox 1143 1113 1182 1180; x_wconf 88' lang='lat' dir='ltr'>id</span> <span class='ocrx_word' id='word_1_97' title='bbox 1273 1164 1275 1168; x_wconf 84' lang='lat'><strong>.</strong></span> 
     </span>
     <span class='ocr_line' id='line_1_10' title="bbox 86 1209 988 1298; baseline 0.003 -26"><span class='ocrx_word' id='word_1_98' title='bbox 86 1209 176 1273; x_wconf 80' lang='lat' dir='ltr'>erede</span> <span class='ocrx_word' id='word_1_99' title='bbox 198 1222 293 1274; x_wconf 87' lang='lat' dir='ltr'>tuum.</span> <span class='ocrx_word' id='word_1_100' title='bbox 646 1282 648 1287; x_wconf 45' lang='grc'><strong>,</strong></span> <span class='ocrx_word' id='word_1_101' title='bbox 797 1295 800 1298; x_wconf 78' lang='lat'><strong>.</strong></span> <span class='ocrx_word' id='word_1_102' title='bbox 987 1215 988 1218; x_wconf 67' lang='grc'>’</span> 
     </span>
     <span class='ocr_line' id='line_1_11' title="bbox 84 1321 982 1408; baseline 0 -16"><span class='ocrx_word' id='word_1_103' title='bbox 84 1342 117 1394; x_wconf 87' lang='lat' dir='ltr'>V.</span> <span class='ocrx_word' id='word_1_104' title='bbox 135 1343 175 1394; x_wconf 78' lang='lat'>53.</span> <span class='ocrx_word' id='word_1_105' title='bbox 193 1357 249 1408; x_wconf 88' lang='lat' dir='ltr'>sqq.</span> <span class='ocrx_word' id='word_1_106' title='bbox 465 1321 475 1360; x_wconf 29' lang='lat'>⁵·</span> <span class='ocrx_word' id='word_1_107' title='bbox 613 1397 616 1404; x_wconf 48' lang='grc'><strong>,</strong></span> <span class='ocrx_word' id='word_1_108' title='bbox 733 1339 783 1390; x_wconf 86' lang='lat' dir='ltr'>Est</span> <span class='ocrx_word' id='word_1_109' title='bbox 799 1356 882 1406; x_wconf 81' lang='lat' dir='ltr'>genus</span> <span class='ocrx_word' id='word_1_110' title='bbox 899 1356 982 1392; x_wconf 88' lang='lat' dir='ltr'>unum</span> 
     </span>
    </p>

    <p class='ocr_par' dir='ltr' id='par_1_3' title="bbox 284 1417 1004 1573">
     <span class='ocr_line' id='line_1_12' title="bbox 284 1417 991 1491; baseline 0 -17"><span class='ocrx_word' id='word_1_111' title='bbox 284 1422 416 1474; x_wconf 72' lang='lat' dir='ltr'>stultitiae</span> <span class='ocrx_word' id='word_1_112' title='bbox 432 1421 542 1477; x_wconf 88' lang='lat' dir='ltr'>nihilum</span> <span class='ocrx_word' id='word_1_113' title='bbox 557 1417 698 1473; x_wconf 83' lang='lat' dir='ltr'>metuenda</span> <span class='ocrx_word' id='word_1_114' title='bbox 714 1424 835 1487; x_wconf 65' lang='lat' dir='ltr'>umentis,</span> <span class='ocrx_word' id='word_1_115' title='bbox 852 1428 882 1473; x_wconf 91' lang='lat' dir='ltr'>nt</span> <span class='ocrx_word' id='word_1_116' title='bbox 898 1421 991 1491; x_wconf 46' lang='lat' dir='ltr'>ignes}</span> 
     </span>
     <span class='ocr_line' id='line_1_13' title="bbox 284 1506 1004 1573; baseline -0.001 -16"><span class='ocrx_word' id='word_1_117' title='bbox 284 1507 321 1557; x_wconf 90' lang='lat' dir='ltr'>Ut</span> <span class='ocrx_word' id='word_1_118' title='bbox 336 1521 414 1571; x_wconf 88' lang='lat' dir='ltr'>rupes</span> <span class='ocrx_word' id='word_1_119' title='bbox 430 1506 575 1571; x_wconf 86' lang='lat' dir='ltr'>fluviosque</span> <span class='ocrx_word' id='word_1_120' title='bbox 592 1506 620 1556; x_wconf 87' lang='lat' dir='ltr'>in</span> <span class='ocrx_word' id='word_1_121' title='bbox 637 1521 729 1571; x_wconf 87' lang='lat' dir='ltr'>eampo</span> <span class='ocrx_word' id='word_1_122' title='bbox 748 1507 852 1557; x_wconf 85' lang='lat' dir='ltr'>obstare</span> <span class='ocrx_word' id='word_1_123' title='bbox 869 1511 1004 1573; x_wconf 78' lang='lat' dir='ltr'>queretur3</span> 
     </span>
    </p>
   </div>
   <div class='ocr_carea' id='block_1_3' title="bbox 263 1588 1141 1738">
    <p class='ocr_par' dir='ltr' id='par_1_4' title="bbox 263 1588 1141 1738">
     <span class='ocr_line' id='line_1_14' title="bbox 263 1588 1141 1656; baseline 0.002 -16"><span class='ocrx_word' id='word_1_124' title='bbox 263 1616 265 1620; x_wconf 38' lang='lat' dir='ltr'>v</span> <span class='ocrx_word' id='word_1_125' title='bbox 283 1588 430 1640; x_wconf 86' lang='lat' dir='ltr'>Alterum</span> <span class='ocrx_word' id='word_1_126' title='bbox 446 1593 472 1638; x_wconf 89' lang='lat' dir='ltr'>et</span> <span class='ocrx_word' id='word_1_127' title='bbox 487 1589 549 1639; x_wconf 87' lang='lat' dir='ltr'>huie</span> <span class='ocrx_word' id='word_1_128' title='bbox 564 1602 657 1638; x_wconf 83' lang='lat' dir='ltr'>varum</span> <span class='ocrx_word' id='word_1_129' title='bbox 674 1593 700 1638; x_wconf 87' lang='lat' dir='ltr'>et</span> <span class='ocrx_word' id='word_1_130' title='bbox 715 1589 797 1639; x_wconf 88' lang='lat' dir='ltr'><em>nihilo</em></span> <span class='ocrx_word' id='word_1_131' title='bbox 814 1590 957 1655; x_wconf 85' lang='lat' dir='ltr'>sapientius</span> <span class='ocrx_word' id='word_1_132' title='bbox 973 1591 1049 1656; x_wconf 81' lang='lat' dir='ltr'>ignes</span> <span class='ocrx_word' id='word_1_133' title='bbox 1138 1649 1141 1655; x_wconf 52' lang='grc'>,</span> 
     </span>
     <span class='ocr_line' id='line_1_15' title="bbox 283 1671 761 1738; baseline 0.002 -17"><span class='ocrx_word' id='word_1_134' title='bbox 283 1671 334 1722; x_wconf 85' lang='lat' dir='ltr'>Per</span> <span class='ocrx_word' id='word_1_135' title='bbox 350 1672 449 1722; x_wconf 84' lang='lat' dir='ltr'>medios</span> <span class='ocrx_word' id='word_1_136' title='bbox 465 1672 611 1738; x_wconf 82' lang='lat' dir='ltr'>fluviosque</span> <span class='ocrx_word' id='word_1_137' title='bbox 627 1673 761 1722; x_wconf 87' lang='lat' dir='ltr'>ruentis.</span> 
     </span>
    </p>
   </div>
   <div class='ocr_carea' id='block_1_4' title="bbox 86 1775 1181 2272">
    <p class='ocr_par' dir='ltr' id='par_1_5' title="bbox 86 1775 1181 2272">
     <span class='ocr_line' id='line_1_16' title="bbox 169 1775 1177 1875; baseline 0.006 -25"><span class='ocrx_word' id='word_1_138' title='bbox 169 1786 309 1851; x_wconf 79' lang='lat' dir='ltr'>Alterum</span> <span class='ocrx_word' id='word_1_139' title='bbox 339 1775 538 1870; x_wconf 67' lang='lat' dir='ltr'>auantiaest</span> <span class='ocrx_word' id='word_1_140' title='bbox 572 1788 703 1852; x_wconf 67' lang='lat' dir='ltr'>adetum</span> <span class='ocrx_word' id='word_1_141' title='bbox 734 1811 838 1875; x_wconf 71' lang='lat' dir='ltr'>qemun</span> <span class='ocrx_word' id='word_1_142' title='bbox 867 1788 1015 1852; x_wconf 78' lang='lat' dir='ltr'>stultitiae</span> <span class='ocrx_word' id='word_1_143' title='bbox 1049 1791 1177 1856; x_wconf 76' lang='lat' dir='ltr'>tuentis.</span> 
     </span>
     <span class='ocr_line' id='line_1_17' title="bbox 86 1884 1180 1973; baseline 0.003 -22"><span class='ocrx_word' id='word_1_144' title='bbox 86 1884 293 1952; x_wconf 85' lang='lat' dir='ltr'>Abstractum</span> <span class='ocrx_word' id='word_1_145' title='bbox 314 1909 373 1973; x_wconf 91' lang='lat' dir='ltr'>pro</span> <span class='ocrx_word' id='word_1_146' title='bbox 398 1895 547 1951; x_wconf 85' lang='lat' dir='ltr'>concreto</span> <span class='ocrx_word' id='word_1_147' title='bbox 568 1887 706 1972; x_wconf 88' lang='lat' dir='ltr'>positum</span> <span class='ocrx_word' id='word_1_148' title='bbox 727 1888 807 1951; x_wconf 88' lang='lat' dir='ltr'>mire</span> <span class='ocrx_word' id='word_1_149' title='bbox 829 1886 940 1951; x_wconf 89' lang='lat' dir='ltr'>fefellit</span> <span class='ocrx_word' id='word_1_150' title='bbox 956 1887 1180 1954; x_wconf 88' lang='lat' dir='ltr'>Heindorfium</span> 
     </span>
     <span class='ocr_line' id='line_1_18' title="bbox 87 1985 1180 2075; baseline 0.004 -26"><span class='ocrx_word' id='word_1_151' title='bbox 87 1987 135 2050; x_wconf 87' lang='lat' dir='ltr'>ita</span> <span class='ocrx_word' id='word_1_152' title='bbox 156 1986 432 2072; x_wconf 77' lang='lat' dir='ltr'>interpretantem:</span> <span class='ocrx_word' id='word_1_153' title='bbox 460 1988 601 2068; x_wconf 81' lang='lat' dir='ltr'>„ruentis</span> <span class='ocrx_word' id='word_1_154' title='bbox 622 2009 666 2050; x_wconf 88' lang='lat' dir='ltr'>se.</span> <span class='ocrx_word' id='word_1_155' title='bbox 689 1987 832 2051; x_wconf 72' lang='lat' dir='ltr'>dammis.</span> <span class='ocrx_word' id='word_1_156' title='bbox 866 1985 975 2050; x_wconf 86' lang='lat' dir='ltr'>Sehon</span> <span class='ocrx_word' id='word_1_157' title='bbox 995 1986 1050 2052; x_wconf 90' lang='lat' dir='ltr'>bei</span> <span class='ocrx_word' id='word_1_158' title='bbox 1071 2012 1180 2075; x_wconf 83' lang='lat' dir='ltr'>quera·</span> 
     </span>
     <span class='ocr_line' id='line_1_19' title="bbox 88 2084 1179 2153; baseline 0.004 -4"><span class='ocrx_word' id='word_1_159' title='bbox 88 2098 139 2150; x_wconf 87' lang='lat' dir='ltr'>tur</span> <span class='ocrx_word' id='word_1_160' title='bbox 159 2084 201 2149; x_wconf 90' lang='lat' dir='ltr'>V.</span> <span class='ocrx_word' id='word_1_161' title='bbox 217 2086 267 2149; x_wconf 91' lang='grc'>55.</span> <span class='ocrx_word' id='word_1_162' title='bbox 291 2085 452 2150; x_wconf 90' lang='lat' dir='ltr'>sehwebte</span> <span class='ocrx_word' id='word_1_163' title='bbox 476 2107 534 2149; x_wconf 87' lang='lat' dir='ltr'>aus</span> <span class='ocrx_word' id='word_1_164' title='bbox 556 2085 705 2150; x_wconf 80' lang='lat' dir='ltr'>stultitiae</span> <span class='ocrx_word' id='word_1_165' title='bbox 726 2085 767 2150; x_wconf 92' lang='lat' dir='ltr'>V.</span> <span class='ocrx_word' id='word_1_166' title='bbox 783 2085 834 2150; x_wconf 90' lang='grc'><strong>54.</strong></span> <span class='ocrx_word' id='word_1_167' title='bbox 859 2086 911 2150; x_wconf 90' lang='lat' dir='ltr'>ein</span> <span class='ocrx_word' id='word_1_168' title='bbox 927 2085 1088 2150; x_wconf 76' lang='lat' dir='ltr'>einzelnen</span> <span class='ocrx_word' id='word_1_169' title='bbox 1105 2088 1179 2153; x_wconf 93' lang='lat' dir='ltr'>stul-</span> 
     </span>
     <span class='ocr_line' id='line_1_20' title="bbox 88 2183 1181 2272; baseline 0.005 -24"><span class='ocrx_word' id='word_1_170' title='bbox 88 2192 138 2248; x_wconf 91' lang='lat' dir='ltr'>tus</span> <span class='ocrx_word' id='word_1_171' title='bbox 170 2183 261 2250; x_wconf 66' lang='lat' dir='ltr'>’torf‘</span> <span class='ocrx_word' id='word_1_172' title='bbox 301 2184 431 2270; x_wconf 86' lang='lat' dir='ltr'>Ecquid</span> <span class='ocrx_word' id='word_1_173' title='bbox 465 2193 583 2271; x_wconf 91' lang='lat' dir='ltr'>poetae</span> <span class='ocrx_word' id='word_1_174' title='bbox 619 2186 767 2250; x_wconf 71' lang='lat' dir='ltr'>stultitiae</span> <span class='ocrx_word' id='word_1_175' title='bbox 799 2186 934 2250; x_wconf 77' lang='lat' dir='ltr'>timentia</span> <span class='ocrx_word' id='word_1_176' title='bbox 966 2186 1181 2272; x_wconf 85' lang='lat' dir='ltr'>perscribenti</span> 
     </span>
    </p>
   </div>
   <div class='ocr_carea' id='block_1_5' title="bbox 89 2278 1322 2382">
    <p class='ocr_par' dir='ltr' id='par_1_6' title="bbox 89 2278 1322 2382">
     <span class='ocr_line' id='line_1_21' title="bbox 89 2278 1322 2382; baseline -0.003 -33"><span class='ocrx_word' id='word_1_177' title='bbox 89 2284 295 2349; x_wconf 90' lang='lat' dir='ltr'>obversatum</span> <span class='ocrx_word' id='word_1_178' title='bbox 310 2284 373 2348; x_wconf 80' lang='lat' dir='ltr'>sit?</span> <span class='ocrx_word' id='word_1_179' title='bbox 408 2283 461 2348; x_wconf 93' lang='lat' dir='ltr'>De</span> <span class='ocrx_word' id='word_1_180' title='bbox 482 2286 660 2350; x_wconf 86' lang='lat' dir='ltr'>numerosis</span> <span class='ocrx_word' id='word_1_181' title='bbox 683 2284 838 2371; x_wconf 86' lang='lat' dir='ltr'>exemplis</span> <span class='ocrx_word' id='word_1_182' title='bbox 854 2283 1008 2350; x_wconf 89' lang='lat' dir='ltr'>similibus</span> <span class='ocrx_word' id='word_1_183' title='bbox 1024 2286 1082 2351; x_wconf 86' lang='lat' dir='ltr'>afr.</span> <span class='ocrx_word' id='word_1_184' title='bbox 1099 2278 1178 2357; x_wconf 74' lang='lat' dir='ltr'>oie.</span> <span class='ocrx_word' id='word_1_185' title='bbox 1252 2341 1256 2345; x_wconf 86' lang='lat'><strong>.</strong></span> <span class='ocrx_word' id='word_1_186' title='bbox 1316 2328 1322 2382; x_wconf 25' lang='grc' dir='ltr'>Ι.</span> 
     </span>
    </p>
   </div>
   <div class='ocr_carea' id='block_1_6' title="bbox 85 2375 1235 2980">
    <p class='ocr_par' dir='ltr' id='par_1_7' title="bbox 85 2375 1282 2980">
     <span class='ocr_line' id='line_1_22' title="bbox 88 2375 1235 2473; baseline 0.003 -25"><span class='ocrx_word' id='word_1_187' title='bbox 88 2384 185 2449; x_wconf 85' lang='lat' dir='ltr'>Tusa.</span> <span class='ocrx_word' id='word_1_188' title='bbox 208 2383 248 2467; x_wconf 91' lang='lat' dir='ltr'>V,</span> <span class='ocrx_word' id='word_1_189' title='bbox 273 2384 321 2448; x_wconf 89' lang='grc'><strong>18.</strong></span> <span class='ocrx_word' id='word_1_190' title='bbox 349 2397 384 2448; x_wconf 90' lang='lat' dir='ltr'>ut</span> <span class='ocrx_word' id='word_1_191' title='bbox 400 2377 554 2467; x_wconf 82' lang='lat' dir='ltr'>¹stultitia,</span> <span class='ocrx_word' id='word_1_192' title='bbox 587 2386 649 2449; x_wconf 81' lang='lat' dir='ltr'>etsi</span> <span class='ocrx_word' id='word_1_193' title='bbox 668 2384 786 2470; x_wconf 81' lang='lat' dir='ltr'>adepta</span> <span class='ocrx_word' id='word_1_194' title='bbox 813 2397 858 2449; x_wconf 81' lang='lat' dir='ltr'>eet</span> <span class='ocrx_word' id='word_1_195' title='bbox 884 2384 971 2470; x_wconf 84' lang='lat' dir='ltr'>quod</span> <span class='ocrx_word' id='word_1_196' title='bbox 997 2384 1179 2473; x_wconf 63' lang='lat' dir='ltr'>concupiuit</span> <span class='ocrx_word' id='word_1_197' title='bbox 1229 2375 1235 2427; x_wconf 74' lang='grc' dir='ltr'><em>Ῐ</em></span> 
     </span>
     <span class='ocr_line' id='line_1_23' title="bbox 87 2486 1179 2573; baseline 0.004 -24"><span class='ocrx_word' id='word_1_198' title='bbox 87 2489 253 2570; x_wconf 80' lang='lat' dir='ltr'>numquam</span> <span class='ocrx_word' id='word_1_199' title='bbox 273 2507 306 2549; x_wconf 84' lang='lat' dir='ltr'>ee</span> <span class='ocrx_word' id='word_1_200' title='bbox 334 2496 435 2549; x_wconf 84' lang='lat' dir='ltr'>tameo</span> <span class='ocrx_word' id='word_1_201' title='bbox 461 2486 540 2549; x_wconf 81' lang='lat' dir='ltr'>satie</span> <span class='ocrx_word' id='word_1_202' title='bbox 568 2498 783 2571; x_wconf 79' lang='lat' dir='ltr'>consequutam</span> <span class='ocrx_word' id='word_1_203' title='bbox 802 2497 913 2571; x_wconf 83' lang='lat' dir='ltr'>putat:</span> <span class='ocrx_word' id='word_1_204' title='bbox 945 2486 992 2550; x_wconf 82' lang='lat' dir='ltr'>sia</span> <span class='ocrx_word' id='word_1_205' title='bbox 1023 2489 1179 2573; x_wconf 81' lang='lat' dir='ltr'>sapientia</span> 
     </span>
     <span class='ocr_line' id='line_1_24' title="bbox 87 2582 1183 2672; baseline 0.004 -24"><span class='ocrx_word' id='word_1_206' title='bbox 87 2607 208 2669; x_wconf 79' lang='lat' dir='ltr'>semper</span> <span class='ocrx_word' id='word_1_207' title='bbox 229 2606 264 2648; x_wconf 89' lang='lat' dir='ltr'>ea</span> <span class='ocrx_word' id='word_1_208' title='bbox 286 2596 427 2649; x_wconf 80' lang='lat' dir='ltr'>contemta</span> <span class='ocrx_word' id='word_1_209' title='bbox 447 2596 500 2666; x_wconf 82' lang='lat' dir='ltr'>est,</span> <span class='ocrx_word' id='word_1_210' title='bbox 523 2582 609 2670; x_wconf 82' lang='lat' dir='ltr'>quod</span> <span class='ocrx_word' id='word_1_211' title='bbox 627 2584 728 2667; x_wconf 78' lang='lat' dir='ltr'>adeat,</span> <span class='ocrx_word' id='word_1_212' title='bbox 757 2607 853 2670; x_wconf 85' lang='lat' dir='ltr'>neque</span> <span class='ocrx_word' id='word_1_213' title='bbox 874 2608 949 2649; x_wconf 88' lang='lat' dir='ltr'>eam.</span> <span class='ocrx_word' id='word_1_214' title='bbox 962 2609 1107 2672; x_wconf 79' lang='lat' dir='ltr'>umquam</span> <span class='ocrx_word' id='word_1_215' title='bbox 1128 2588 1183 2652; x_wconf 80' lang='lat' dir='ltr'>sui</span> 
     </span>
     <span class='ocr_line' id='line_1_25' title="bbox 85 2681 1180 2772; baseline 0.004 -25"><span class='ocrx_word' id='word_1_216' title='bbox 85 2686 232 2771; x_wconf 81' lang='lat' dir='ltr'>poenitet.</span> <span class='ocrx_word' id='word_1_217' title='bbox 276 2682 355 2748; x_wconf 89' lang='lat' dir='ltr'>Hor.</span> <span class='ocrx_word' id='word_1_218' title='bbox 385 2681 452 2747; x_wconf 83' lang='lat' dir='ltr'>Sat.</span> <span class='ocrx_word' id='word_1_219' title='bbox 479 2682 523 2766; x_wconf 88' lang='lat' dir='ltr'>H,</span> <span class='ocrx_word' id='word_1_220' title='bbox 546 2685 575 2766; x_wconf 88' lang='lat'>1,</span> <span class='ocrx_word' id='word_1_221' title='bbox 597 2681 647 2747; x_wconf 87' lang='grc'>76.</span> <span class='ocrx_word' id='word_1_222' title='bbox 669 2704 738 2770; x_wconf 91' lang='lat' dir='ltr'>sqq.</span> <span class='ocrx_word' id='word_1_223' title='bbox 771 2685 871 2748; x_wconf 75' lang='lat' dir='ltr'>tinnitu</span> <span class='ocrx_word' id='word_1_224' title='bbox 893 2684 1053 2771; x_wconf 77' lang='lat' dir='ltr'>fatebitur</span> <span class='ocrx_word' id='word_1_225' title='bbox 1083 2709 1180 2772; x_wconf 80' lang='lat' dir='ltr'>usque</span> 
     </span>
     <span class='ocr_line' id='line_1_26' title="bbox 87 2782 1130 2870; baseline 0.003 -23"><span class='ocrx_word' id='word_1_226' title='bbox 87 2782 211 2847; x_wconf 70' lang='lat' dir='ltr'>inuidia</span> <span class='ocrx_word' id='word_1_227' title='bbox 231 2795 260 2847; x_wconf 91' lang='lat' dir='ltr'>et</span> <span class='ocrx_word' id='word_1_228' title='bbox 271 2783 396 2870; x_wconf 59' lang='lat' dir='ltr'>fragili</span> <span class='ocrx_word' id='word_1_229' title='bbox 413 2805 565 2868; x_wconf 81' lang='lat' dir='ltr'>quaerens</span> <span class='ocrx_word' id='word_1_230' title='bbox 584 2782 705 2847; x_wconf 75' lang='lat' dir='ltr'>itidem</span> <span class='ocrx_word' id='word_1_231' title='bbox 726 2783 846 2848; x_wconf 86' lang='lat' dir='ltr'>dentem</span> <span class='ocrx_word' id='word_1_232' title='bbox 867 2783 1000 2869; x_wconf 85' lang='lat' dir='ltr'>offendet</span> <span class='ocrx_word' id='word_1_233' title='bbox 1019 2784 1130 2850; x_wconf 83' lang='lat' dir='ltr'>solida.</span> 
     </span>
     <span class='ocr_line' id='line_1_27' title="bbox 88 2909 1033 2980; baseline 0 -15"><span class='ocrx_word' id='word_1_234' title='bbox 88 2915 120 2966; x_wconf 90' lang='lat' dir='ltr'>V.</span> <span class='ocrx_word' id='word_1_235' title='bbox 138 2916 179 2966; x_wconf 80' lang='lat' dir='ltr'>ot.</span> <span class='ocrx_word' id='word_1_236' title='bbox 196 2929 253 2980; x_wconf 89' lang='lat' dir='ltr'>sqq.</span> <span class='ocrx_word' id='word_1_237' title='bbox 474 2909 475 2912; x_wconf 65' lang='grc'>’</span> <span class='ocrx_word' id='word_1_238' title='bbox 814 2913 916 2964; x_wconf 86' lang='lat' dir='ltr'>Clamet</span> <span class='ocrx_word' id='word_1_239' title='bbox 932 2915 1033 2965; x_wconf 82' lang='lat' dir='ltr'>amice</span> 
     </span>
    </p>
   </div>
   <div class='ocr_carea' id='block_1_7' title="bbox 266 2994 1011 3142">
    <p class='ocr_par' dir='ltr' id='par_1_8' title="bbox 266 2994 1011 3142">
     <span class='ocr_line' id='line_1_28' title="bbox 266 2994 1011 3062; baseline 0.004 -18"><span class='ocrx_word' id='word_1_240' title='bbox 266 3028 269 3034; x_wconf 86' lang='lat'>·</span> <span class='ocrx_word' id='word_1_241' title='bbox 288 2995 380 3056; x_wconf 86' lang='lat' dir='ltr'>Meter,</span> <span class='ocrx_word' id='word_1_242' title='bbox 396 2994 506 3044; x_wconf 84' lang='lat' dir='ltr'>honesta</span> <span class='ocrx_word' id='word_1_243' title='bbox 522 3009 608 3057; x_wconf 87' lang='lat' dir='ltr'>sorar,</span> <span class='ocrx_word' id='word_1_244' title='bbox 626 3010 685 3046; x_wconf 89' lang='lat' dir='ltr'>eum</span> <span class='ocrx_word' id='word_1_245' title='bbox 701 2996 819 3062; x_wconf 80' lang='lat' dir='ltr'>eognatis</span> <span class='ocrx_word' id='word_1_246' title='bbox 836 3001 917 3061; x_wconf 86' lang='lat' dir='ltr'>peter,</span> <span class='ocrx_word' id='word_1_247' title='bbox 934 3013 1011 3048; x_wconf 80' lang='lat' dir='ltr'>uxor:</span> 
     </span>
     <span class='ocr_line' id='line_1_29' title="bbox 288 3077 695 3142; baseline -0.005 -15"><span class='ocrx_word' id='word_1_248' title='bbox 288 3078 341 3127; x_wconf 90' lang='lat' dir='ltr'>Hie</span> <span class='ocrx_word' id='word_1_249' title='bbox 357 3078 430 3128; x_wconf 85' lang='lat' dir='ltr'>fossa</span> <span class='ocrx_word' id='word_1_250' title='bbox 446 3080 486 3126; x_wconf 83' lang='lat' dir='ltr'>est</span> <span class='ocrx_word' id='word_1_251' title='bbox 501 3077 595 3142; x_wconf 81' lang='lat' dir='ltr'>ingens</span> <span class='ocrx_word' id='word_1_252' title='bbox 611 3109 695 3118; x_wconf 87' lang='lat'>--</span> 
     </span>
    </p>
   </div>
   <div class='ocr_carea' id='block_1_8' title="bbox 80 3192 1185 3980">
    <p class='ocr_par' dir='ltr' id='par_1_9' title="bbox 80 3192 1185 3980">
     <span class='ocr_line' id='line_1_30' title="bbox 174 3192 1179 3281; baseline 0.003 -23"><span class='ocrx_word' id='word_1_253' title='bbox 174 3193 239 3281; x_wconf 75' lang='lat' dir='ltr'>Qui</span> <span class='ocrx_word' id='word_1_254' title='bbox 259 3196 363 3264; x_wconf 82' lang='lat' dir='ltr'>amica</span> <span class='ocrx_word' id='word_1_255' title='bbox 384 3192 426 3258; x_wconf 85' lang='lat' dir='ltr'>ab</span> <span class='ocrx_word' id='word_1_256' title='bbox 449 3193 578 3259; x_wconf 89' lang='lat' dir='ltr'>nomine</span> <span class='ocrx_word' id='word_1_257' title='bbox 599 3206 698 3257; x_wconf 80' lang='lat' dir='ltr'>mater</span> <span class='ocrx_word' id='word_1_258' title='bbox 720 3193 947 3280; x_wconf 83' lang='lat' dir='ltr'>seiungebant‚</span> <span class='ocrx_word' id='word_1_259' title='bbox 975 3193 1045 3259; x_wconf 91' lang='lat' dir='ltr'>illos</span> <span class='ocrx_word' id='word_1_260' title='bbox 1068 3195 1179 3276; x_wconf 76' lang='lat' dir='ltr'>saltem</span> 
     </span>
     <span class='ocr_line' id='line_1_31' title="bbox 90 3280 1181 3380; baseline 0 -19"><span class='ocrx_word' id='word_1_261' title='bbox 90 3280 217 3361; x_wconf 77' lang='lat' dir='ltr'>honesta</span> <span class='ocrx_word' id='word_1_262' title='bbox 239 3315 311 3358; x_wconf 91' lang='lat' dir='ltr'>oum</span> <span class='ocrx_word' id='word_1_263' title='bbox 332 3292 395 3358; x_wconf 91' lang='lat' dir='ltr'>hoe</span> <span class='ocrx_word' id='word_1_264' title='bbox 415 3294 544 3358; x_wconf 89' lang='lat' dir='ltr'>nomine</span> <span class='ocrx_word' id='word_1_265' title='bbox 567 3280 752 3358; x_wconf 82' lang='lat' dir='ltr'>consociare</span> <span class='ocrx_word' id='word_1_266' title='bbox 775 3293 951 3380; x_wconf 85' lang='lat' dir='ltr'>oportebat,</span> <span class='ocrx_word' id='word_1_267' title='bbox 974 3303 1008 3358; x_wconf 91' lang='lat' dir='ltr'>ut</span> <span class='ocrx_word' id='word_1_268' title='bbox 1028 3297 1181 3362; x_wconf 84' lang='lat' dir='ltr'>meretrix</span> 
     </span>
     <span class='ocr_line' id='line_1_32' title="bbox 92 3387 1181 3485; baseline 0.004 -27"><span class='ocrx_word' id='word_1_269' title='bbox 92 3403 124 3458; x_wconf 91' lang='lat' dir='ltr'>et</span> <span class='ocrx_word' id='word_1_270' title='bbox 149 3402 251 3475; x_wconf 88' lang='lat' dir='ltr'>meter</span> <span class='ocrx_word' id='word_1_271' title='bbox 282 3393 417 3458; x_wconf 91' lang='lat' dir='ltr'>honesta</span> <span class='ocrx_word' id='word_1_272' title='bbox 447 3393 511 3465; x_wconf 91' lang='lat' dir='ltr'>sibi</span> <span class='ocrx_word' id='word_1_273' title='bbox 543 3387 788 3481; x_wconf 82' lang='lat' dir='ltr'>opponerentur.</span> <span class='ocrx_word' id='word_1_274' title='bbox 824 3393 875 3458; x_wconf 54' lang='lat' dir='ltr'>‘At</span> <span class='ocrx_word' id='word_1_275' title='bbox 904 3394 1066 3459; x_wconf 84' lang='lat' dir='ltr'>meretrici</span> <span class='ocrx_word' id='word_1_276' title='bbox 1096 3396 1181 3485; x_wconf 77' lang='lat' dir='ltr'>inter</span> 
     </span>
     <span class='ocr_line' id='line_1_33' title="bbox 80 3482 1179 3583; baseline 0.002 -24"><span class='ocrx_word' id='word_1_277' title='bbox 80 3482 245 3577; x_wconf 78' lang='lat' dir='ltr'>¹cognatos</span> <span class='ocrx_word' id='word_1_278' title='bbox 266 3494 368 3559; x_wconf 88' lang='lat' dir='ltr'>nullus</span> <span class='ocrx_word' id='word_1_279' title='bbox 392 3502 445 3558; x_wconf 89' lang='lat' dir='ltr'>est</span> <span class='ocrx_word' id='word_1_280' title='bbox 459 3493 557 3578; x_wconf 84' lang='lat' dir='ltr'>loeus,</span> <span class='ocrx_word' id='word_1_281' title='bbox 579 3502 772 3581; x_wconf 85' lang='lat' dir='ltr'>quapropter</span> <span class='ocrx_word' id='word_1_282' title='bbox 790 3496 892 3559; x_wconf 83' lang='lat' dir='ltr'>amica</span> <span class='ocrx_word' id='word_1_283' title='bbox 911 3493 954 3559; x_wconf 90' lang='lat' dir='ltr'>ad</span> <span class='ocrx_word' id='word_1_284' title='bbox 967 3506 1066 3559; x_wconf 86' lang='lat' dir='ltr'>mater</span> <span class='ocrx_word' id='word_1_285' title='bbox 1079 3495 1179 3583; x_wconf 88' lang='lat' dir='ltr'>appli-</span> 
     </span>
     <span class='ocr_line' id='line_1_34' title="bbox 92 3590 1185 3680; baseline 0.004 -23"><span class='ocrx_word' id='word_1_286' title='bbox 92 3615 216 3678; x_wconf 81' lang='lat' dir='ltr'>camus,</span> <span class='ocrx_word' id='word_1_287' title='bbox 238 3602 273 3658; x_wconf 95' lang='lat' dir='ltr'>ut</span> <span class='ocrx_word' id='word_1_288' title='bbox 293 3595 335 3659; x_wconf 92' lang='lat' dir='ltr'>sit</span> <span class='ocrx_word' id='word_1_289' title='bbox 362 3597 472 3677; x_wconf 75' lang='lat' dir='ltr'>comis,</span> <span class='ocrx_word' id='word_1_290' title='bbox 496 3594 651 3676; x_wconf 83' lang='lat' dir='ltr'>benevola,</span> <span class='ocrx_word' id='word_1_291' title='bbox 681 3593 767 3680; x_wconf 90' lang='lat' dir='ltr'>quod</span> <span class='ocrx_word' id='word_1_292' title='bbox 795 3593 956 3680; x_wconf 89' lang='lat' dir='ltr'>epitheton</span> <span class='ocrx_word' id='word_1_293' title='bbox 983 3615 1048 3658; x_wconf 92' lang='lat' dir='ltr'>non</span> <span class='ocrx_word' id='word_1_294' title='bbox 1075 3590 1185 3661; x_wconf 88' lang='lat' dir='ltr'>minus</span> 
     </span>
     <span class='ocr_line' id='line_1_35' title="bbox 92 3693 1181 3780; baseline 0.003 -22"><span class='ocrx_word' id='word_1_295' title='bbox 92 3693 244 3758; x_wconf 90' lang='lat' dir='ltr'>idoneum</span> <span class='ocrx_word' id='word_1_296' title='bbox 266 3693 409 3758; x_wconf 85' lang='lat' dir='ltr'>ducimus</span> <span class='ocrx_word' id='word_1_297' title='bbox 432 3716 529 3779; x_wconf 89' lang='lat' dir='ltr'>quem</span> <span class='ocrx_word' id='word_1_298' title='bbox 551 3715 688 3779; x_wconf 90' lang='lat' dir='ltr'>sequens</span> <span class='ocrx_word' id='word_1_299' title='bbox 709 3694 843 3776; x_wconf 74' lang='lat' dir='ltr'>honesta,</span> <span class='ocrx_word' id='word_1_300' title='bbox 870 3694 892 3757; x_wconf 93' lang='lat' dir='ltr'>i.</span> <span class='ocrx_word' id='word_1_301' title='bbox 916 3714 944 3758; x_wconf 90' lang='lat' dir='ltr'>e.</span> <span class='ocrx_word' id='word_1_302' title='bbox 958 3694 1118 3780; x_wconf 78' lang='lat' dir='ltr'>formasa,</span> <span class='ocrx_word' id='word_1_303' title='bbox 1147 3703 1181 3761; x_wconf 90' lang='lat' dir='ltr'>ut</span> 
     </span>
     <span class='ocr_line' id='line_1_36' title="bbox 83 3791 1178 3882; baseline 0.002 -23"><span class='ocrx_word' id='word_1_304' title='bbox 83 3793 159 3873; x_wconf 68' lang='lat' dir='ltr'>§at</span> <span class='ocrx_word' id='word_1_305' title='bbox 177 3793 208 3877; x_wconf 79' lang='grc' dir='ltr'>Ἰ,</span> <span class='ocrx_word' id='word_1_306' title='bbox 230 3793 260 3877; x_wconf 89' lang='grc'>2,</span> <span class='ocrx_word' id='word_1_307' title='bbox 282 3793 333 3858; x_wconf 88' lang='grc'>84.</span> <span class='ocrx_word' id='word_1_308' title='bbox 377 3791 478 3859; x_wconf 84' lang='lat' dir='ltr'>Seaus</span> <span class='ocrx_word' id='word_1_309' title='bbox 499 3794 604 3860; x_wconf 88' lang='lat' dir='ltr'>visum</span> <span class='ocrx_word' id='word_1_310' title='bbox 626 3801 673 3858; x_wconf 89' lang='lat' dir='ltr'>est</span> <span class='ocrx_word' id='word_1_311' title='bbox 693 3792 848 3858; x_wconf 88' lang='lat' dir='ltr'>Horkelio</span> <span class='ocrx_word' id='word_1_312' title='bbox 870 3792 954 3858; x_wconf 90' lang='lat' dir='ltr'>anal.</span> <span class='ocrx_word' id='word_1_313' title='bbox 976 3793 1056 3860; x_wconf 90' lang='lat' dir='ltr'>Hor.</span> <span class='ocrx_word' id='word_1_314' title='bbox 1078 3815 1111 3882; x_wconf 82' lang='lat' dir='ltr'>p.</span> <span class='ocrx_word' id='word_1_315' title='bbox 1126 3795 1178 3862; x_wconf 86' lang='lat'>40.</span> 
     </span>
     <span class='ocr_line' id='line_1_37' title="bbox 92 3891 581 3980; baseline 0 -21"><span class='ocrx_word' id='word_1_316' title='bbox 92 3915 173 3980; x_wconf 84' lang='lat' dir='ltr'>sqq,</span> <span class='ocrx_word' id='word_1_317' title='bbox 196 3915 295 3980; x_wconf 85' lang='lat' dir='ltr'>quare</span> <span class='ocrx_word' id='word_1_318' title='bbox 318 3893 458 3958; x_wconf 84' lang='lat' dir='ltr'>correxit</span> <span class='ocrx_word' id='word_1_319' title='bbox 478 3891 581 3959; x_wconf 69' lang='lat' dir='ltr'>naida</span> 
     </span>
    </p>
   </div>
   <div class='ocr_carea' id='block_1_9' title="bbox 91 4007 1009 4154">
    <p class='ocr_par' dir='ltr' id='par_1_10' title="bbox 91 4007 1009 4154">
     <span class='ocr_line' id='line_1_38' title="bbox 91 4007 974 4085; baseline -0.001 -24"><span class='ocrx_word' id='word_1_320' title='bbox 91 4011 122 4062; x_wconf 90' lang='lat' dir='ltr'>V.</span> <span class='ocrx_word' id='word_1_321' title='bbox 140 4011 181 4062; x_wconf 82' lang='lat'>60.</span> <span class='ocrx_word' id='word_1_322' title='bbox 198 4025 236 4076; x_wconf 87' lang='lat' dir='ltr'>sq.</span> <span class='ocrx_word' id='word_1_323' title='bbox 290 4009 351 4060; x_wconf 89' lang='lat' dir='ltr'>Non</span> <span class='ocrx_word' id='word_1_324' title='bbox 367 4010 451 4075; x_wconf 83' lang='lat' dir='ltr'>magis</span> <span class='ocrx_word' id='word_1_325' title='bbox 468 4009 580 4059; x_wconf 83' lang='lat' dir='ltr'>audierit</span> <span class='ocrx_word' id='word_1_326' title='bbox 596 4023 674 4075; x_wconf 84' lang='lat' dir='ltr'>quam</span> <span class='ocrx_word' id='word_1_327' title='bbox 690 4007 783 4085; x_wconf 84' lang='lat' dir='ltr'>Fufius</span> <span class='ocrx_word' id='word_1_328' title='bbox 800 4008 886 4059; x_wconf 87' lang='lat' dir='ltr'>ebrius</span> <span class='ocrx_word' id='word_1_329' title='bbox 904 4007 974 4072; x_wconf 76' lang='lat' dir='ltr'>olim,</span> 
     </span>
     <span class='ocr_line' id='line_1_39' title="bbox 291 4091 1009 4154; baseline -0.001 -11"><span class='ocrx_word' id='word_1_330' title='bbox 291 4093 378 4154; x_wconf 80' lang='lat' dir='ltr'>Quum</span> <span class='ocrx_word' id='word_1_331' title='bbox 393 4092 505 4142; x_wconf 83' lang='lat' dir='ltr'>llionem</span> <span class='ocrx_word' id='word_1_332' title='bbox 522 4091 658 4143; x_wconf 86' lang='lat' dir='ltr'>edormit</span> <span class='ocrx_word' id='word_1_333' title='bbox 674 4128 774 4140; x_wconf 75' lang='lat'>...-</span> <span class='ocrx_word' id='word_1_334' title='bbox 1007 4103 1009 4108; x_wconf 80' lang='grc'>’</span> 
     </span>
    </p>
   </div>
   <div class='ocr_carea' id='block_1_10' title="bbox 171 4150 1181 4345">
    <p class='ocr_par' dir='ltr' id='par_1_11' title="bbox 171 4150 1181 4345">
     <span class='ocr_line' id='line_1_40' title="bbox 171 4150 1181 4345; baseline 0.002 -88"><span class='ocrx_word' id='word_1_335' title='bbox 171 4150 218 4257; x_wconf 17' lang='lat' dir='ltr'>UH.</span> <span class='ocrx_word' id='word_1_336' title='bbox 235 4214 263 4258; x_wconf 91' lang='lat' dir='ltr'>e.</span> <span class='ocrx_word' id='word_1_337' title='bbox 278 4191 414 4259; x_wconf 82' lang='lat' dir='ltr'>Ilionam</span> <span class='ocrx_word' id='word_1_338' title='bbox 427 4190 609 4276; x_wconf 82' lang='lat' dir='ltr'>edormiem,</span> <span class='ocrx_word' id='word_1_339' title='bbox 624 4191 713 4257; x_wconf 83' lang='lat' dir='ltr'>velut</span> <span class='ocrx_word' id='word_1_340' title='bbox 731 4213 764 4258; x_wconf 84' lang='lat' dir='ltr'>v.</span> <span class='ocrx_word' id='word_1_341' title='bbox 785 4191 856 4256; x_wconf 91' lang='grc'><strong>277.</strong></span> <span class='ocrx_word' id='word_1_342' title='bbox 878 4192 1181 4345; x_wconf 59' lang='grc' dir='ltr'>φααφηθρναεοιὶυίεαε</span> 
     </span>
    </p>
   </div>
   <div class='ocr_carea' id='block_1_11' title="bbox 0 0 1352 4642">
    <p class='ocr_par' dir='ltr' id='par_1_12' title="bbox 0 0 1352 4642">
     <span class='ocr_line' id='line_1_41' title="bbox 0 0 1352 4642; baseline 0 0"><span class='ocrx_word' id='word_1_343' title='bbox 0 0 1352 4642; x_wconf 95' lang='lat' dir='ltr'> </span> 
     </span>
    </p>
   </div>
  </div>
 </body>
</html>
