2678 4642
143 218 182 282 18
462 253 465 266 ·
568 233 801 283 cormorlem

141 402 172 454 V.
192 403 231 454 ll.
247 415 304 468 sqq.
377 406 379 410 “
692 401 715 452 Ο
732 406 766 466 10,
782 381 890 464 Bolane,
907 402 1032 453 cerebri

338 482 477 533 Felicem
494 482 597 534 aiebam
612 484 715 547 tacitus,
732 500 812 550 quum
829 484 955 552 quidlibet
970 485 1015 536 ille

339 565 459 630 Garriret,
475 566 555 630 vicos,
571 566 661 616 urbem
677 566 804 618 laudaret.

227 696 333 762 Schol.
362 697 458 784 Oruq.
488 698 626 763 dicebam
646 700 731 764 iatrc
750 723 812 783 me,
842 698 994 764 Bobmnm
1015 721 1078 764 esee
1090 697 1230 786 felicem,

142 800 199 887 qui
216 809 346 884 ἐξόχολος
363 799 478 863 nulline
497 800 631 884 ineptrba
643 799 780 884 ferebat,
802 799 859 863 sed
877 800 981 862 statim
1001 798 1051 863 cel
1061 800 1095 863 in
1107 801 1232 885 faciem

141 902 277 984 quanvis
295 897 534 982 reprehendebat
554 898 602 962 vel
621 897 658 962 de
680 922 714 963 eo
735 899 814 984 qaid
832 899 972 980 10011101,
998 921 1060 962 non
1086 897 1242 962 1111111114·

141 999 203 1063 late
224 997 353 1062 dicebat.
396 997 469 1061 Hac
489 996 566 1061 anili
587 996 713 1081 fabella,
740 1020 804 1084 qua
825 999 920 1062 etiam
940 996 1110 1083 peculiaris
1132 999 1230 1082 quaess

143 1098 219 1162 dam
243 1097 373 1181 fingitur
400 1095 582 1179 iracundia,
610 1117 691 1181 quae
719 1096 884 1162 dumtaxat
911 1096 1065 1161 adversus
1091 1097 1230 1182 ineptias

143 1196 336 1279 effundatur,
363 1217 416 1260 me
441 1194 549 1260 induci
575 1217 639 1260 non
659 1198 779 1283 patiar,
806 1205 841 1260 ut
859 1197 1029 1261 Horatium
1050 1197 1230 1261 existimem

142 1297 206 1363 sibi
232 1295 400 1360 cerebrum
427 1303 589 1381 precatum
618 1316 699 1361 esse.
752 1294 866 1360 Talem
891 1297 1108 1383 precationem
1133 1287 1242 1370 unam'

143 1397 283 1463 omnium
316 1395 589 1482 perversissimam
621 1416 691 1459 esse
722 1416 787 1459 non
813 1395 1012 1479 infitiabitur,
1044 1397 1099 1481 qui
1125 1396 1232 1481 ipsum·

143 1496 313 1561 Horatium
332 1492 386 1559 vel
406 1494 619 1580 quadraginta
639 1502 783 1580 quattuor
803 1515 903 1558 annos
923 1503 1031 1558 natum
1044 1494 1150 1558 adhuc
1164 1495 1228 1559 111-

143 1594 328 1662 eundiorem
353 1594 450 1657 fuisse
480 1592 524 1677 (v.
552 1595 657 1680 Epist.
678 1593 711 1678 Ι,
737 1593 879 1677 1015.)
901 1594 1094 1679 meminerit,
1123 1615 1230 1679 neque

143 1717 255 1760 sanum
275 1700 401 1780 poetam
423 1714 494 1757 oum
507 1693 727 1781 Peripateticis
744 1693 944 1758 iracundiam
957 1692 1010 1758 hic
1024 1686 1231 1780 praedicasse

141 1794 232 1878 velit,
266 1815 362 1879 quam
387 1791 493 1857 Canu.
519 1792 551 1874 Ι,
580 1794 631 1858 16.
660 1792 792 1857 multum
819 1791 964 1879 explosit.
1012 1793 1125 1880 Neque
1139 1811 1230 1857 'vero

144 1908 247 1981 ἄχολον
272 1892 437 1976 Bolanum,
458 1890 534 1956 licet
553 1914 605 1956 res
626 1892 698 1980 ipsa
718 1914 776 1979 pro
798 1913 854 1956 suo
876 1892 1002 1957 defectu
1021 1914 1086 1956 non
1099 1894 1143 1956 ita
1156 1913 1231 1956 1110

142 2003 278 2082 ponatur
306 1991 377 2076 (cfr.
405 1989 512 2056 Oarm.
533 1990 566 2077 Ι,
581 1993 631 2076 28,
658 1993 688 2057 3.
710 2013 756 2078 sq.
776 2015 1111 2077 parca-manera.
1133 1986 1177 2073 Π,
1199 1992 1230 2075 3,

145 2095 195 2160 15.
217 2117 265 2180 sq.
292 2114 433 2157 eororam
448 2092 510 2178 fllc
536 2093 630 2157 trium
651 2145 747 2155 .-..
771 2104 851 2155 0110.
884 2090 1230 2176 ΠΙ,4,11.101110),

144 2194 270 2260 cerebri
295 2191 423 2255 felicem
449 2190 566 2255 dictum
588 2190 737 2275 arbitror,
763 2191 911 2277 quoniam
937 2190 1107 2278 singularis
1133 2212 1230 2276 quae·

144 2294 218 2359 dam
243 2292 431 2377 ineptiarum
455 2292 610 2377 patientia
637 2313 740 2376 aeque
769 2299 816 2355 011
836 2288 989 2355 nebulosa
1010 2300 1106 2376 atque
1128 2291 1228 2376 impa-

142 2393 262 2459 tientia.
307 2389 374 2455 Sed
399 2390 491 2455 nobis
517 2412 622 2476 neque
646 2403 845 2476 1111111111οο
867 2390 1101 2475 1χόλῳΒο11110
1124 2389 1230 2454 locum

144 2490 391 2557 concedentibus
413 2489 503 2574 quid,
529 2490 670 2575 quaeris,
691 2489 770 2552 illud
791 2490 910 2554 cerebri
925 2491 1056 2576 felicem
1077 2489 1230 2570 denotet?

145 2592 225 2657 Tale
246 2590 334 2676 quid,
357 2589 463 2672 credo,
485 2588 571 2674 quod
586 2589 656 2652 sine
669 2587 811 2656 asseclae
826 2590 876 2653 sui
891 2590 1065 2653 offensione
1079 2590 1231 2654 Horatius

143 2714 208 2756 non
238 2697 363 2777 poterat
392 2688 500 2754 verbis
527 2687 642 2774 eloqui.
693 2687 880 2774 Trepidanti
906 2711 984 2754 vero
1012 2711 1052 2754 ae
1076 2690 1231 2774 tergiver-

144 2792 226 2858 santi
246 2792 311 2854 iam
331 2789 427 2854 sudor
447 2788 491 2852 ad
510 2788 591 2852 imos
612 2786 763 2852 manabat
783 2786 873 2871 talos,
895 2810 991 2874 quum
1011 2810 1075 2853 non
1093 2790 1232 2853 missura

145 2901 248 2959 cutem
268 2890 330 2954 nisi
350 2888 445 2976 plena
466 2889 587 2953 cruoris
608 2886 721 2950 hirudo
747 2887 790 2952 ad
810 2887 1038 2953 discedendum
1058 2909 1130 2952 sese
1151 2910 1235 2951 non-⁴

146 2992 220 3056 dum
241 2991 438 3076 accingeret,
460 2988 518 3053 sed
538 2986 694 3073 quidlibet
712 2987 816 3073 potius
837 2989 984 3074 garriret.
1028 2986 1100 3067 Quo
1121 2986 1229 3071 fiebat,

145 3091 231 3179 quod
256 3091 304 3154 101
329 3089 435 3175 utique
457 3096 525 3152 0111
546 3094 806 3170 consentaneum,
832 3095 867 3151 ut
886 3086 960 3153 bilis
980 3084 1122 3170 Horatii,
1144 3087 1232 3172 quod

146 3194 176 3257 01
208 3199 319 3277 postea
350 3189 395 3272 (v.
422 3185 487 3272 66.)
515 3186 619 3251 denuo
648 3185 780 3269 accidit,
807 3185 1013 3251 vehementer
1038 3195 1237 3251 moveretur·
1268 3194 1273 3198 ’

145 3291 218 3356 Ηο0
243 3291 340 3375 igitur
364 3286 505 3372 nihilque
527 3286 660 3373 amplius
682 3286 794 3350 tacitus
817 3286 1084 3370 conquerebatur,
1112 3286 1235 3351 cerebri

137 3394 282 3479 feracem
309 3387 465 3455 Bolanum
497 3386 605 3451 dicens
632 3386 752 3450 cerebri
765 3386 904 3471 felicem.
957 3385 1050 3449 Idem
1086 3384 1234 3470 designat

145 3489 339 3555 adiectivum
355 3488 445 3576 felic
464 3485 568 3573 Epod.
590 3484 641 3569 H,
668 3484 717 3549 ll.
739 3506 786 3570 sq.
812 3485 992 3569 inutilesque
1008 3485 1100 3571 fclc'e
1126 3508 1237 3551 ramos·

146 3602 310 3676 amputans
322 3587 488 3675 feliciores
507 3585 625 3650 eiecerit.

145 3723 176 3774 V.
195 3724 234 3774 15.
251 3736 307 3788 sqq.
736 3715 782 3766 sed
798 3715 837 3766 nil
854 3717 919 3783 agis,
936 3731 1019 3783 usque
1036 3716 1138 3779 tenebo,

341 3803 526 3867 Persequar.
549 3801 619 3850 Hinc
636 3815 687 3866 quo
704 3814 775 3848 nunc
789 3799 838 3848 iter
856 3804 894 3848 est
911 3800 974 3850 tibi?
991 3799 1035 3850 Nil
1051 3815 1116 3864 opus
1134 3803 1174 3849 est
1189 3803 1216 3849 te
1235 3827 1237 3830 ·

343 3885 504 3951 circumagi:
526 3883 663 3948 quemdam
678 3881 738 3933 volo
755 3882 839 3932 visere
854 3898 908 3933 non
923 3883 1084 3944 tibi-notum,

342 3969 427 4018 Trans
444 3969 558 4018 Tiberim
573 3966 651 4032 longe
668 3966 747 4017 cubat
762 3965 785 4016 is
802 3980 885 4030 prope
902 3965 1023 4020 Caesaris
1040 3965 1136 4018 hortos.

228 4083 372 4151 Verbum
398 4106 570 4169 persequar
601 4090 786 4168 antegressa
812 4105 907 4166 csqrre
935 4081 1038 4146 tenebo
1065 4081 1231 4169 praeclare

147 4185 303 4272 congruit
344 4180 549 4269 Languidula
570 4189 617 4247 est
640 4204 673 4247 v.
698 4181 926 4268 1110111111,
953 4202 1036 4268 quae
1059 4182 1153 4250 etiam
1175 4181 1230 4246 de·
