2678 4642
359 260 395 308 rr
417 258 607 309 strmsnuu
628 258 757 308 nmnuu
779 257 964 307 snouunnu
1148 243 1208 310 115

203 425 244 490 In
262 425 421 491 nonnullis
444 425 526 492 Odd.
548 448 673 490 666666
686 445 744 512 pro
761 448 896 512 966666
911 431 1015 490 exstat
1035 446 1078 490 ex
1090 448 1121 492 v.
1137 426 1207 493 110.

121 527 298 613 repetitum,
319 548 381 594 nec
401 526 519 591 inimic
539 524 661 589 iudicat
680 523 878 608 Meinekius,
911 545 953 588 ex
979 523 1093 589 eodem
1112 547 1210 592 versu

122 627 220 691 etiam
242 628 417 714 coatiayere
437 625 501 690 huc
521 626 735 710 immigrasse,
758 645 856 709 quum
876 623 978 690 verba
992 623 1140 690 breviore
1160 626 1208 691 in-

120 725 254 791 tervallo
281 726 397 791 iterare
425 748 490 791 non
518 726 568 797 sit,
590 724 747 809 elegantis
778 723 915 790 Horatii.
958 723 1071 810 Itaque
1104 724 1210 792 eidem

121 827 192 891 viro
214 825 397 891 doctissimo
419 822 590 909 tonlrinpete
610 824 663 890 vel
684 825 771 891 aliud
798 825 873 889 huic
901 823 1004 889 simile
1029 825 1209 893 rescriben-

123 925 199 991 dum
218 924 354 992 videtur.
398 925 549 990 Fortasse
570 932 666 1011 poeta
687 924 853 990 contundere
875 922 1030 990 exhibuit.

121 1073 152 1127 V.
171 1076 227 1126 117.
245 1090 301 1142 sqq.
427 1070 429 1073 ’
500 1089 558 1140 age,
575 1073 598 1124 si
615 1078 641 1123 et
657 1074 803 1124 stramentis
819 1073 927 1124 incubet
942 1073 1024 1123 unde

321 1157 463 1224 Octoginta
479 1172 563 1207 annos
579 1161 666 1220 natus,
684 1158 726 1206 cui
742 1156 859 1223 stragula
875 1156 964 1219 vestis,

319 1241 465 1292 Blattarum
481 1256 514 1291 ac
529 1241 658 1290 tinearum
675 1239 776 1305 epulae,
793 1243 925 1304 putrescat
940 1239 968 1288 in
985 1254 1048 1290 area
1063 1276 1147 1287 ...-

205 1371 365 1436 Numerus
390 1371 472 1436 66116
498 1373 652 1460 oetopzieta
678 1371 795 1436 criticis
815 1369 1022 1446 vehementer
1043 1365 1224 1459 displicuit

123 1492 230 1557 neque
253 1493 326 1535 eum
345 1471 462 1537 infitior
485 1471 583 1538 talem
615 1494 701 1556 esse,
733 1472 767 1536 in
799 1492 861 1556 quo
891 1469 1045 1558 perfacile
1076 1469 1225 1537 haerere¹

122 1570 238 1658 possis.
280 1571 343 1636 Pro
373 1571 455 1636 66616
476 1572 577 1658 igitur
603 1570 777 1636 Horkelius
804 1568 882 1646 ulie,
914 1569 1096 1636 Meinekius
1129 1569 1213 1637 uiuae

125 1671 300 1757 proposuit,
315 1671 431 1757 quibus
446 1671 720 1736 emendationibus
736 1670 893 1756 quispiam
909 1667 957 1734 isle
971 1669 1090 1735 addere
1106 1680 1212 1757 queat.

123 1769 242 1834 Nescio
269 1779 375 1835 autem
401 1793 444 1836 an
468 1770 556 1835 nulla
582 1772 744 1835 sanatione
772 1791 851 1855 opus
878 1769 933 1853 sit,
955 1791 1031 1834 nam
1057 1770 1213 1857 singulari

125 1867 179 1932 illo
201 1891 356 1935 annorum
377 1893 509 1936 numero
531 1869 626 1934 facile
647 1877 745 1955 poeta
764 1866 926 1932 hominem
948 1868 1119 1954 quemdam
1138 1892 1213 1956 per·

124 1990 254 2034 versum
274 1969 471 2055 indigetasse
492 1978 609 2056 potest,
632 1991 728 2055 quem
753 1968 918 2032 nominare
946 1975 1000 2032 aut
1026 1989 1089 2032 non
1115 1968 1217 2034 voluit

125 2077 259 2133 autnon
272 2070 384 2155 potuit.
411 2069 485 2133 Non
500 2068 645 2133 dissimili
665 2068 760 2132 modo
784 2067 865 2131 dixit
885 2065 1047 2131 Iuvenalis
1059 2067 1126 2152 VI,
1143 2069 1214 2135 192.

126 2189 174 2253 sq.
214 2168 299 2232 Tuae
320 2171 428 2253 etiam,
449 2192 542 2256 qaam
563 2181 669 2232 sertas
690 2181 719 2233 et
746 2167 947 2253 comperimus
974 2190 1075 2232 aanor
1094 2169 1215 2255 pulsat,

126 2267 232 2332 adhue
255 2267 397 2334 Graece?

125 2400 157 2454 V.
177 2402 232 2454 127.
266 2400 295 2453 Si
312 2399 444 2467 quidvis
461 2400 525 2451 satis
542 2404 582 2449 est
598 2435 697 2446 .....

199 2485 283 2581 *Non
303 2516 409 2581 minus
431 2537 527 2603 quam
548 2513 579 2579 h.
602 2513 623 2578 l.
646 2513 772 2601 quidvis
796 2489 956 2600 integrum
983 2520 1032 2579 est
1056 2512 1161 2602 Epist.
1178 2514 1216 2602 Ἰ,
1269 2560 1271 2563 ψ
1307 2485 1309 2488 1

128 2614 250 2699 15,1t.
293 2616 380 2684 Rure
399 2639 466 2681 meo
489 2639 618 2703 possum
646 2614 770 2701 quidvis
792 2615 939 2701 perferre
960 2613 1106 2699 potique,
1134 2614 1157 2678 i.
1186 2635 1215 2681 e.
1298 2665 1300 2669 .

127 2715 252 2800 qaidvrir
272 2719 423 2797 666666,
444 2723 479 2780 ut
499 2737 637 2801 sequens
657 2736 839 2802 praerosam
860 2725 889 2777 et
909 2712 974 2776 leae
994 2712 1187 2780 manifestat.

127 2846 160 2899 V.
179 2849 235 2900 128.
253 2863 311 2914 sqq.
634 2846 766 2911 Populum
783 2845 807 2895 ai
823 2844 932 2894 caedere
949 2844 1019 2895 saxis

328 2928 444 2993 Incipias
462 2943 591 2991 servosve,
608 2931 662 2978 tuo
681 2943 746 2993 quos
764 2942 824 2976 aere
840 2927 948 2992 pararis,
995 2955 997 2959 .

326 3011 453 3061 Insanum
468 3015 495 3061 te
512 3025 601 3060 omnes
618 3011 693 3075 pueri
707 3010 873 3075 clamentque
888 3008 992 3074 puellae
1008 3044 1107 3058 -.....„

211 3123 386 3211 Vulgatum
407 3139 475 3192 taor
495 3126 541 3190 nil
561 3125 624 3190 nisi
645 3124 824 3190 scribarum
845 3123 998 3189 mendum
1017 3127 1217 3213 pervagatis-

130 3222 247 3290 simum
279 3234 341 3310 est,
379 3226 424 3291 uti
455 3226 559 3291 minus
592 3233 667 3312 apta
703 3225 859 3290 sententia
895 3222 1046 3290 declarat.
1087 3224 1219 3292 Etenim

131 3324 188 3410 qui
209 3323 286 3390 dicit
306 3349 446 3392 servosve
467 3338 545 3408 tuoe,
566 3348 643 3411 quos
664 3347 736 3389 aere
749 3325 899 3409 pararat,
921 3345 1031 3390 servos
1059 3345 1136 3390 aere
1161 3348 1218 3413 pa·

131 3433 218 3489 ratos
244 3447 264 3488 a
291 3427 398 3490 vernis
425 3432 456 3490 et
481 3432 668 3490 testamento
701 3432 755 3488 aut
787 3422 871 3488 bello
902 3425 1001 3510 partis
1033 3424 1219 3512 simpliciter

133 3523 339 3589 discriminat.
383 3524 502 3590 Contra
521 3523 658 3589 lectione
679 3546 834 3605 servosve,
863 3536 915 3587 tuo
936 3547 1013 3609 quos
1034 3547 1105 3588 aere
1120 3549 1219 3612 para

131 3625 179 3688 ris
199 3645 265 3689 non
290 3632 411 3689 tantum
436 3624 523 3690 servi
554 3645 630 3689 acre
657 3623 762 3710 parati
793 3645 815 3688 a
841 3623 971 3687 ceteris
988 3623 1218 3710 discernuntur,

132 3745 245 3790 verum
265 3745 329 3788 una
351 3726 447 3789 etiam
468 3726 633 3811 impensae
654 3723 755 3809 ipsius
777 3722 899 3787 domini
921 3721 1085 3788 caedentis
1099 3723 1219 3810 sigilla·

133 3824 190 3895 tim
219 3824 407 3908 efferuntur,
434 3847 497 3910 quo
525 3824 592 3888 eius
618 3823 745 3887 insania
775 3822 880 3907 magis
906 3822 1085 3907 insignitur.
1128 3823 1218 3889 Bene

132 3922 297 3998 Bentleius
320 3924 480 3989 contendit
500 3922 576 3987 Ter.
592 3922 720 3988 Phorm.
735 3921 797 4005 III,
812 3922 841 4005 2,
856 3921 908 3985 26.
941 3921 1095 3988 Vendidit.
1121 3921 1220 4002 0666

133 4022 298 4111 iada’paam
311 4024 456 4110 ferreas,
478 4023 624 4087 666ίῖ1666
645 4045 715 4087 aere
737 4034 847 4086 emtam
866 4043 932 4085 sao.
969 4055 971 4059 Α

132 4140 164 4192 V.
184 4141 239 4192 153.
257 4155 296 4206 eq.
333 4137 462 4193 Defieient
477 4139 581 4204 inopem
597 4153 681 4189 venae
697 4142 731 4201 te,
748 4130 776 4186 ni
792 4137 866 4187 cibus
884 4140 962 4203 atque

332 4221 451 4289 Ingens
468 4222 569 4274 accedit
585 4220 717 4274 stomacho
734 4219 833 4272 fultura
847 4220 940 4271 ruenti.
1110 4291 1112 4293 ι

990 4302 1027 4354 ge
