2678 4642
384 236 420 288 m
441 235 630 289 ssrmmurr
650 240 778 290 nmnun
798 240 930 288 rumen
1160 221 1199 286 77

115 403 158 471 ab
187 403 249 470 illis
270 405 476 473 venatoribus
496 405 648 472 liberaret
673 413 704 470 et
729 405 927 470 Maecenatis
954 404 1200 471 familiaritatem

115 527 211 590 quam
232 507 371 570 maxime
393 507 548 570 sinceram
563 506 782 592 integramque
797 504 982 590 declararet,
1004 506 1199 591 importunos

113 604 193 669 istos
215 614 425 687 assectatores
445 628 508 671 uno
530 605 691 692 proposito
713 604 859 692 exemplo
879 605 1073 691 perstrinxit.
1133 605 1138 614 ’

199 703 342 790 Scriptus
364 714 412 769 est
432 727 536 769 sermo
558 727 622 769 non
642 705 689 768 ita
707 703 803 768 multo
823 713 895 791 post
907 703 1103 769 Maecenatis
1121 703 1198 768 ami·

116 799 225 868 citiam
246 804 288 869 ab
309 804 441 869 Horatio
462 805 673 891 impetratam,
695 825 832 889 namque
853 804 957 890 ipsum
978 812 1200 888 argumentum

114 901 241 989 longius
264 903 424 990 quoddam
444 902 644 968 intervallum
664 924 728 966 non
750 902 906 967 concedit.
941 904 1114 967 Praeterea
1135 901 1198 968 eol·

114 1001 259 1087 loquium
284 1026 315 1067 v.
337 1004 389 1067 43.
413 1025 482 1090 sqq.
507 1002 547 1066 de
567 1002 755 1067 Maecenate
776 1003 950 1067 institutum
971 1003 1142 1066 amicitiam
1162 1001 1198 1066 il·

114 1100 181 1166 lam
207 1101 312 1166 adhuc
339 1103 589 1167 recentissimam
614 1100 743 1166 indicat
792 1102 880 1183 Quas
908 1101 949 1166 ob
977 1124 1090 1167 causas
1114 1100 1199 1166 hunc

114 1199 258 1266 libellum
280 1202 406 1266 circiter
427 1225 510 1267 anno
530 1200 720 1267 DOCXVII
740 1224 771 1266 u.
795 1224 823 1266 c.
846 1200 1081 1288 adscripserim.

133 1286 135 1291 ἲ
196 1299 287 1364 Belle
315 1308 422 1365 autem
447 1300 599 1365 Horatius
626 1323 686 1386 per
709 1309 807 1364 totum
828 1322 1005 1364 sermonem
1025 1309 1090 1366 tam
1109 1293 1239 1365 suum*

115 1420 212 1483 quam
234 1398 378 1464 asseclae
399 1399 541 1469 habitum
562 1422 627 1465 non
648 1399 832 1487 simpliciter
851 1399 970 1483 retulit,
992 1400 1050 1465 sed
1071 1401 1200 1466 diversa

115 1499 267 1578 orationis
289 1499 407 1585 specie,
428 1521 523 1584 quam
543 1498 646 1586 Epist.
668 1500 711 1583 Il,
733 1500 762 1582 3,
779 1499 848 1564 114.
864 1521 933 1585 sqq.
950 1500 1027 1564 scite
1044 1501 1198 1586 exposuit,

115 1599 208 1682 quasi
230 1598 443 1664 adumbravit.
479 1597 593 1662 Statim
612 1599 710 1684 igitur
731 1599 773 1664 ab
788 1599 877 1663 initio
893 1621 965 1663 eum
980 1608 1202 1685 contraquam

115 1706 342 1761 assectatorem
374 1696 504 1762 solutius
535 1698 735 1762 incedentem
760 1699 828 1762 fere
855 1699 1081 1785 conspicimus,
1113 1697 1201 1763 velut

116 1794 185 1860 Sat.
208 1795 234 1881 I,
256 1796 286 1861 5.
308 1797 410 1883 princ.
444 1797 613 1885 Egressum
632 1822 746 1885 mapsa
765 1821 812 1861 me
832 1800 949 1883 occepit
968 1799 1080 1862 Ara'cu‘c
1099 1798 1201 1863 Romu

114 1897 248 1982 bospitio
269 1896 389 1960 modico
396 1919 407 1977 ,·
426 1897 530 1960 rhetor
544 1920 643 1961 comes
655 1896 851 1978 Heliodorus,
875 1895 1064 1961 Graecorum
1076 1898 1200 1985 hisquae

114 1995 320 2060 doetrssr'ruus.
362 1995 443 2059 Iude
463 1995 582 2060 Forum
601 1997 703 2082 Appi,
732 1996 893 2083 differtum
911 1999 1027 2077 acutis,
1056 1999 1199 2082 cuupour'·
1234 2083 1236 2087 .

83 2133 86 2138 -
114 2095 172 2159 bru
186 2109 276 2180 atquc
290 2094 445 2181 metipsis.
483 2093 576 2174 Quod
591 2117 692 2181 genus
706 2094 896 2182 perelegans
911 2118 1007 2181 quum
1020 2095 1200 2160 Bentleium

113 2216 244 2280 prorsus
272 2192 401 2277 lateret,
427 2202 499 2280 post
524 2194 609 2258 ibam
629 2194 775 2260 omnibus
796 2194 990 2260 membranis
1010 2195 1198 2283 refraganti·

113 2293 174 2360 bus
195 2294 333 2380 pessime
354 2306 389 2358 ut
408 2293 588 2358 inculcavit.

197 2392 299 2456 Nimis
327 2400 437 2457 contra
461 2392 507 2457 illi
533 2401 606 2458 sunt
633 2393 764 2476 curiosi,
791 2394 846 2480 qui
872 2394 953 2459 adeo
979 2403 1200 2481 argumentum

114 2514 273 2579 nugarum
304 2492 346 2557 ab
372 2492 505 2557 Horatio
531 2493 565 2557 in
590 2493 644 2558 via
671 2515 764 2558 sacra
788 2493 969 2559 ambulante
995 2517 1200 2560 excussurum

114 2592 324 2656 sciscitantur.
360 2591 462 2656 Erant
480 2615 533 2657 res
553 2614 647 2666 mane
668 2592 702 2656 in
722 2591 837 2657 lectulo
859 2603 913 2658 aut
932 2593 1034 2659 lectae
1055 2603 1108 2659 aut
1122 2594 1198 2659 seri·

114 2698 199 2778 ptae,
222 2713 301 2776 quas
323 2691 401 2777 ipse'
414 2700 518 2777 poeta,
543 2691 571 2756 si
592 2691 696 2756 adhuc
715 2692 871 2757 memoria
891 2701 1021 2777 teneret,
1042 2702 1128 2758 certe
1149 2715 1199 2758 re·

116 2812 249 2854 censere
276 2812 341 2853 non
369 2788 517 2875 dignatus
544 2799 601 2855 est.
642 2790 682 2855 In
705 2791 799 2876 nugis
821 2814 898 2856 vero
921 2793 1200 2880 occupatissimum

116 2911 157 2955 ac
182 2911 287 2976 paene
314 2889 364 2952 sui
390 2890 490 2975 ipsius
514 2888 645 2954 oblitum
664 2887 760 2954 homo
781 2891 911 2976 quidam
932 2893 963 2956 ei
982 2892 1110 2956 nomine
1130 2901 1199 2957 tan·

113 2997 181 3053 tum
205 2997 298 3053 notus
325 2997 474 3074 occupat,
503 2988 615 3052 eodem
642 2987 729 3054 haud
755 2988 851 3054 dubie
872 3013 947 3055 usus
967 2990 1076 3074 modo,
1104 3013 1199 3076 quem

114 3087 184 3173 ipse
204 3110 296 3151 suum
316 3085 416 3151 libere
431 3087 593 3173 profitetur
605 3111 637 3152 v.
653 3087 703 3152 59.
725 3111 886 3155 occurram
906 3091 941 3154 iu
961 3091 1073 3155 trrbri's.
1110 3090 1196 3171 Quo·

115 3187 202 3251 eirca
229 3187 325 3251 etiarn
350 3185 515 3272 ambigere
536 3186 709 3271 nonlicet,
735 3189 857 3253 variam
876 3187 1045 3253 lectionem
1066 3191 1201 3254 occurrit

115 3287 288 3372 genuinam
320 3294 352 3350 et
382 3285 546 3372 vulgatam
577 3288 715 3352 accurrit
741 3287 870 3353 notham
898 3309 979 3354 esse.
1028 3289 1201 3375 Perperam

115 3385 245 3471 quidem
278 3384 416 3450 Orellius
452 3385 586 3451 verbum
620 3389 756 3452 occurrit
785 3387 971 3473 languidum
1003 3387 1201 3474 opinabatur,

116 3485 269 3570 quoniam
295 3484 357 3550 hoo
383 3485 453 3550 loco
473 3484 648 3550 violentam
667 3487 772 3572 potius
794 3487 1022 3574 oppositionem
1045 3489 1200 3574 exprimit,

115 3585 161 3648 uti
187 3583 266 3649 alibi
295 3585 500 3650 creberrime.
551 3584 617 3650 cfr.
645 3584 738 3662 Caes.
766 3586 805 3651 B.
835 3585 872 3652 O.
901 3586 967 3670 III,
995 3586 1035 3650 41
1063 3588 1202 3654 breuiore

114 3685 224 3750 itt'rrere
250 3709 282 3749 se
310 3707 470 3749 occurrere
497 3686 528 3749 ei
548 3708 642 3771 posse
668 3708 803 3771 querum.
846 3685 925 3750 Hor.
952 3686 1058 3775 Epod.
1080 3687 1121 3770 V,
1149 3687 1200 3753 92.
1225 3743 1229 3748 .

114 3797 286 3848 uouuruue
314 3807 475 3848 occurram
493 3785 603 3871 furor.
647 3784 720 3850 Tib.
747 3783 779 3869 I,
807 3786 841 3866 2,
868 3784 920 3849 25.
942 3807 990 3871 sq.
1028 3786 1096 3850 Nec
1116 3788 1200 3871 scirit,

116 3895 259 3947 occurrat
275 3885 446 3967 quisquam,
468 3885 525 3967 qui
536 3906 670 3969 corpora
680 3885 775 3970 ferro
790 3884 925 3949 uuluewt
939 3897 993 3949 cut
1005 3898 1201 3970 raptaprac·

115 3982 180 4046 mro
200 3994 280 4046 ueste
299 3994 396 4068 petat.
439 3981 531 4067 Virg.
553 3982 635 4046 Aen.
657 3981 706 4066 X,
735 3983 806 4047 282.
830 3982 909 4066 (ΧΙ,
930 3983 1001 4048 503.
1024 3983 1094 4048 808.
1123 3982 1201 4069 XII,

115 4080 201 4165 536.)
223 4081 304 4145 ultro
326 4104 524 4146 occurramus
544 4080 590 4146 ud
606 4081 732 4148 uadum.
764 4081 857 4148 Mart.
869 4081 930 4168 XI,
945 4082 995 4168 99,
1009 4083 1040 4148 2.
1067 4082 1199 4169 Iustuut,

115 4193 284 4264 moramur,
299 4193 537 4267 persequeretur,
559 4194 731 4248 occurrunt.
966 4230 970 4237 ,
