2678 4642
392 250 427 319 m
449 249 640 302 summus
660 251 789 302 irenen
810 253 943 302 rummr
1172 238 1216 304 55

122 413 248 481 Verum
279 415 307 480 si
337 424 434 502 poeta
465 439 568 504 aquae
598 418 766 505 penuriam
792 417 880 505 Equi
910 419 1000 485 tutici
1025 427 1057 484 et
1081 419 1215 486 Canusii

122 512 220 601 plane
242 536 355 602 parem
375 514 546 603 perhibere
567 516 728 601 voluisset,
749 518 906 584 vocabulo
927 544 1009 584 urna
1029 519 1098 584 sine
1117 519 1215 586 dubio

121 635 188 679 nen
216 637 294 679 usus
322 622 419 699 esset,
446 616 506 683 sed
530 616 660 682 modum
685 619 841 682 minorem
868 617 922 683 vel
940 619 1105 683 minimum
1125 618 1214 684 adhi-

123 712 256 779 buisset.
303 713 442 779 Proinde
468 737 584 780 vocem
608 741 690 781 urna
718 725 899 803 comptam
924 726 1070 804 putemus
1097 726 1129 782 et
1152 741 1216 784 una

121 812 226 879 selum
252 812 391 880 litterula
417 815 521 879 eiecta
547 817 671 880 auctori
696 815 875 880 reddimus:
907 840 1007 902 aquae
1032 839 1094 881 aon
1119 817 1216 882 ditior

121 928 181 977 utto
208 913 267 998 qui
288 912 374 978 locus
394 938 415 978 a
431 915 525 1001 forti
541 914 691 980 Diomede
711 927 757 980 est
778 915 919 980 conditus
940 917 1027 998 olim,
1055 915 1087 981 h.
1110 938 1139 980 e.
1160 917 1219 1001 qui

121 1011 208 1076 locus
228 1035 329 1096 aquae
348 1036 410 1077 aon
430 1013 529 1077 ditior
544 1012 654 1098 (quam
668 1014 781 1101 Equus
795 1014 925 1100 tuticus)
940 1039 1004 1080 aaa
1020 1015 1106 1098 (oum
1118 1014 1214 1101 Equo

121 1109 234 1194 tutico)
257 1135 279 1174 u
288 1112 380 1198 forti
396 1112 547 1177 Diomede
569 1113 641 1178 oiim
662 1114 805 1179 conditus
826 1128 879 1179 est.

121 1226 154 1279 V.
171 1227 213 1280 93.
328 1226 465 1283 Flentibus
482 1227 533 1278 hic
549 1229 644 1280 Varius
662 1229 771 1280 discedit
786 1234 902 1280 maestus
920 1231 1018 1281 amicis.

206 1309 408 1374 Torrentium
440 1333 480 1383 ac
505 1310 684 1376 Bentleium
708 1313 781 1377 Fea
808 1313 926 1377 iniuria
953 1311 1099 1398 corripit,
1130 1310 1216 1396 quod

123 1407 196 1474 tim
221 1408 256 1474 in
282 1417 371 1473 motu
397 1408 509 1475 aloco
530 1412 679 1497 usurpari
699 1432 763 1475 non
783 1411 948 1477 vidissent.
990 1410 1064 1476 Hoc
1085 1410 1215 1496 quidem

123 1516 256 1594 uterque
277 1507 402 1591 viderit,
422 1509 481 1574 sed
501 1510 604 1574 Feam
624 1509 716 1574 latuit
737 1512 869 1596 eiusque
887 1519 1070 1593 sectatores,
1090 1510 1215 1574 variam
1268 1565 1270 1568 ,

123 1606 294 1672 lectionem
319 1608 391 1673 deice
417 1629 621 1694 nequaquam
643 1609 766 1675 admitti
786 1632 894 1697 posse,
916 1610 1003 1696 quod
1023 1610 1152 1673 minime
1174 1608 1215 1674 de

122 1705 194 1772 loco
215 1728 237 1771 a
257 1707 358 1771 Vario
378 1705 501 1790 relicte,
522 1730 598 1772 nam
620 1731 662 1772 ex
683 1730 722 1772 eo
742 1717 809 1773 tota.
827 1710 985 1774 viatorum
999 1708 1094 1773 turba
1108 1729 1214 1793 neque

124 1805 210 1871 solus
224 1805 344 1871 Varius
366 1806 454 1889 abiit,
479 1806 538 1871 sed
559 1806 599 1872 de
620 1808 714 1872 Varii
735 1808 880 1872 discessu
901 1807 942 1873 ab
965 1806 1077 1872 amicis
1098 1809 1213 1892 agitur.

124 1905 288 1988 Quocirca
307 1905 459 1992 flectetur
489 1907 600 1971 amicis
626 1906 759 1971 discedit
783 1908 806 1971 i.
833 1929 864 1992 q.
891 1931 912 1972 e
929 1906 1079 1994 flectibus
1104 1906 1215 1971 amicis

125 2003 266 2087 discedit,
287 2026 426 2090 quocum
445 2005 518 2072 titio
538 2005 724 2092 complicari
743 2007 862 2093 nequit.

544 2214 685 2290 ΕΔΤ.
705 2217 792 2288 Ἦ.

124 2384 156 2438 Ἴ.
172 2386 213 2438 12.
229 2400 268 2451 sq.
303 2384 401 2436 Contra
416 2385 569 2450 Laevinum,
585 2386 674 2438 Valeri
690 2402 781 2454 genus,
797 2386 867 2438 unde
883 2385 1044 2452 Superbus

305 2467 462 2534 Tarquinius
478 2484 559 2535 regno
576 2469 669 2534 pulsus
685 2469 770 2536 fugit
786 2499 820 2508 -

204 2583 279 2649 Non
299 2591 356 2666 cst,
378 2583 499 2669 opinor,
520 2606 577 2649 cur
596 2586 812 2673 praepositum
834 2607 1015 2671 cognomen
1031 2585 1065 2648 in
1079 2581 1212 2648 adiecti·

124 2705 200 2748 vum
220 2684 371 2770 arpertus
391 2691 623 2749 convertamus.
655 2684 746 2749 Idem
767 2686 930 2749 nominum
952 2683 1029 2749 ordo
1047 2681 1133 2769 apud
1146 2682 1212 2746 Ho-

125 2784 239 2848 ratium
260 2782 388 2869 sacpius
409 2783 582 2869 reperitur,
607 2804 635 2849 e.
657 2806 706 2870 gr.
728 2782 796 2849 Sat.
817 2783 844 2867 Ι,
866 2785 896 2867 5,
918 2784 969 2848 32.
1010 2783 1214 2869 Capito—-

124 2882 282 2948 Fontesies.
317 2881 344 2964 I,
366 2881 394 2964 7,
418 2883 446 2946 1.
478 2881 575 2969 Bcpia
594 2882 715 2969 Rupili.
744 2882 771 2966 I,
792 2883 822 2965 9,
844 2883 894 2948 61.
926 2884 1049 2948 Fuscus
1062 2882 1212 2946 Aristius.

124 2979 227 3068 Epist.
248 2981 275 3065 I,
299 2982 347 3047 15.
368 2976 471 3068 princ.
492 2983 588 3047 Musa
608 3024 691 3036 --
711 2983 876 3047 Antonius.
917 2981 985 3046 Otr.
1006 2978 1148 3044 Meinek.
1171 2977 1214 3044 ad

124 3079 228 3169 Epist.
249 3080 327 3165 1,2‚
350 3082 379 3146 1.
547 3088 548 3092 ’
616 3099 618 3103 ·

205 3181 246 3245 In
265 3204 296 3246 v.
321 3181 370 3246 13.
392 3181 484 3246 varia
504 3179 600 3245 lectio
618 3181 691 3268 fuit
710 3201 770 3266 per
791 3202 826 3245 se
846 3201 912 3244 non
932 3175 1136 3266 reprobanda
1156 3183 1213 3260 est,

125 3280 242 3346 etenim
264 3281 319 3366 qui
336 3280 446 3366 pulcris
458 3282 530 3367 fuit
548 3281 794 3367 interpretantur
804 3281 878 3368 fuit
887 3279 998 3366 pulsus
1011 3302 1067 3344 nec
1080 3275 1214 3362 arreptius

125 3392 170 3444 cst
186 3381 309 3466 peleus,
330 3379 377 3444 illi
396 3378 491 3444 valde
514 3388 636 3463 errant,
658 3388 692 3444 ut
712 3380 789 3444 satis
810 3380 945 3469 patescit
966 3401 1008 3444 ex
1029 3376 1096 3442 sat.
1117 3375 1162 3459 H,
1183 3374 1213 3459 8,

125 3480 155 3545 6.
181 3502 229 3566 sq.
270 3479 312 3545 Ie
339 3481 453 3566 primis
478 3479 626 3544 Lucanus
653 3503 746 3566 uper,
777 3481 841 3544 leni
859 3480 932 3567 fuit
959 3491 1065 3544 austro
1093 3487 1211 3561 ceptus.

124 3578 202 3666 Ipsa
222 3600 300 3644 vero
327 3579 460 3644 historia
483 3578 612 3643 lectioni
624 3580 739 3666 pulsas
750 3580 823 3667 fuit
846 3578 1034 3664 refragatur,
1055 3573 1214 3662 siquidem

125 3678 335 3765 Tarquinium
356 3678 538 3766 Superbum
564 3700 585 3742 a
604 3678 705 3743 Lucio
726 3678 818 3743 Iunio
840 3678 937 3742 Bruto
958 3698 1020 3741 nec
1041 3698 1062 3740 a
1081 3673 1212 3740 Valerio

124 3777 290 3865 Poplicola
308 3800 409 3864 regno
432 3777 599 3865 expulsum
620 3799 691 3842 esse
712 3785 844 3842 constat
876 3775 1056 3863 Expulsum
1076 3771 1212 3857 Tarqui·

124 3879 214 3943 nium
227 3878 375 3943 Valerius
388 3877 553 3965 Poplicola
573 3877 706 3963 fugavit,
728 3899 826 3963 quare
848 3876 929 3942 unde
943 3876 1035 3964 sapit
1055 3871 1213 3958 significat

125 4003 146 4044 a
167 4002 226 4064 quo
238 3980 376 4066 sequtus
396 3991 450 4042 cst.
482 3977 643 4064 Tempore
664 3985 770 4042 autem
790 3977 950 4064 praesenti
969 3997 1027 4063 pro
1041 3971 1213 4061 praeterito

124 4087 220 4166 poeta
247 4077 461 4164 unusquisque
482 4078 603 4163 passim
622 4098 698 4142 usus
720 4084 777 4141 est.
820 4071 1222 4158 cfr.Sat.1,1,88.sq..

125 4177 170 4243 At
196 4177 242 4244 sic
268 4190 429 4266 copautoe,
456 4177 538 4243 nulio
562 4189 678 4243 natura
697 4177 802 4243 labore
822 4199 898 4261 quoe
919 4176 979 4242 tibi
997 4173 1060 4256 dat,
1081 4171 1222 4237 reticeret
