2678 4642
157 202 200 272 'll
409 194 411 197 ’
586 224 821 275 conmortuus

157 396 323 474 naaman,
349 411 444 476 quam
469 411 572 477 genus
597 392 752 478 parodiae
773 393 985 458 recentiorem
1005 392 1111 458 adbuc
1131 401 1246 479 poetae

157 489 303 556 militiam
328 491 444 576 prodit.
488 490 651 571 Quocirca
675 491 803 557 libellus
830 495 961 558 nonita
980 492 1077 557 multo
1098 501 1170 580 post
1189 516 1246 580 pu·

159 613 258 676 gnam
271 588 509 677 Philippensem
533 592 729 677 conscriptus
750 591 876 669 videtur
897 601 929 657 et
950 592 1078 678 quidem
1100 602 1173 657 ante
1188 593 1247 658 Sa·

158 690 252 753 tiram
282 687 375 753 huius
406 688 482 754 libri
514 689 704 774 secundam,
736 691 821 777 quod
850 691 987 779 longiori
1014 694 1152 757 sermoni
1178 693 1247 757 sine

159 787 257 854 dubio
278 788 408 854 brevior
427 790 621 875 praemissus
644 798 701 854 est.
741 791 900 877 Tempore
923 800 1036 876 autem,
1058 813 1120 877 quo
1140 791 1247 857 Hora-

158 891 220 954 tius
236 888 372 954 Satiram
393 887 479 952 illam
502 888 677 953 secundam
692 889 843 973 faciebat,
863 890 1061 956 Maecenatis
1076 891 1248 955 amicitiam

158 988 300 1054 nondum
326 987 459 1074 adeptus
487 994 569 1070 erat,
596 989 805 1074 quamobrem
827 991 923 1054 etiam
942 990 1005 1056 hoc
1024 989 1146 1074 libello,
1172 990 1248 1054 licet

158 1088 311 1174 mysteria
337 1088 371 1152 in
396 1085 496 1151 hortis
517 1087 768 1153 Maecenatianis
795 1098 918 1177 patrata
940 1103 1151 1179 exponantur,
1176 1091 1247 1177 ipse

158 1187 333 1252 Maecenas
354 1186 495 1250 nondum
514 1197 704 1252 memoratus
727 1196 784 1253 est.

158 1337 189 1388 V.
208 1338 247 1389 14.
264 1352 320 1403 sqq.
353 1337 430 1386 Nunc
445 1335 506 1386 lieet
522 1335 647 1401 Esquiliis
664 1336 782 1388 habitare
798 1338 946 1390 salubribus
964 1343 1043 1405 atque

355 1419 459 1485 Aggere
475 1420 503 1468 in
520 1419 608 1482 aprico
626 1421 740 1484 spatiari,
759 1436 817 1487 quo
835 1422 912 1473 modo
930 1423 1015 1472 tristes

355 1502 430 1552 Albis
445 1503 580 1553 informem
597 1502 750 1566 spectabant
767 1504 871 1555 ossibus
888 1521 988 1571 agrum.

182 1605 184 1611 ’
241 1600 341 1684 „Qaq
362 1600 526 1669 Bentleius
547 1602 657 1688 inquit,
678 1624 782 1688 neque
802 1610 836 1667 ut
849 1603 1038 1669 adverbium
1051 1626 1112 1669 nec
1126 1611 1161 1668 ut
1173 1626 1246 1690 pro-

158 1721 275 1765 nomen
307 1699 370 1766 huc
396 1701 543 1788 quadrat:
574 1709 640 1765 tum
667 1711 773 1766 autem
801 1701 952 1788 ambigue
981 1713 1012 1769 et
1037 1702 1248 1789 neglegenter

116 1827 118 1833 ’
159 1823 232 1864 sum
259 1800 350 1869 modo
379 1800 611 1887 coniungitur.“
652 1801 764 1866 Invitis
790 1802 896 1887 itaque
927 1802 1091 1869 codicibus
1113 1827 1174 1890 qua
1194 1825 1246 1867 re·

160 1901 294 1986 scripsit
338 1899 424 1964 Sane
446 1924 506 1987 qao
532 1909 563 1964 et
583 1925 646 1987 qua
665 1901 699 1964 in
719 1900 781 1966 Lb.
802 1900 898 1967 MSS.
920 1903 1048 1989 saepius
1069 1911 1249 1989 permutata

160 2008 233 2064 sunt
259 1999 302 2085 (e.
326 2022 354 2065 c.
377 1999 483 2066 Oarm.
505 1998 556 2083 H,
583 2000 619 2082 3,
640 2000 687 2082 9.,
707 1999 763 2065 ubi
784 2024 843 2086 qao
864 2022 966 2087 aeque
989 2023 1028 2067 ac
1049 2001 1248 2087 subsequens

158 2100 237 2185 qaid
252 2099 298 2164 nil
311 2098 399 2169 valet
414 2100 476 2163 nisi
493 2121 648 2184 quosaam,
663 2123 755 2181 meza,
777 2100 869 2164 sicuti
883 2100 948 2165 Sat.
960 2100 987 2184 I,
999 2102 1027 2183 6,
1038 2101 1088 2165 24.
1101 2110 1132 2165 et
1141 2101 1247 2188 Epist.

159 2199 187 2282 Ι,
208 2199 237 2282 5,
254 2198 330 2284 12),
351 2197 405 2262 hic
425 2207 531 2262 tamen
552 2223 614 2285 qao
634 2198 677 2263 ad
690 2198 851 2283 Esquilias
873 2198 1017 2265 salubres
1040 2210 1070 2264 et
1091 2222 1247 2286 aggerem

157 2299 302 2385 apricum
322 2306 470 2385 spectans
490 2320 556 2362 nou
575 2299 692 2362 rectius
714 2307 762 2362 est
775 2320 871 2384 quam
884 2323 952 2385 qao,
974 2301 996 2363 i.
1013 2323 1041 2364 e.
1056 2324 1115 2385 qao
1131 2323 1244 2388 appare

159 2399 276 2486 aprs'eo.
318 2397 443 2483 Nempe
463 2397 599 2483 Priapus
619 2395 796 2482 Esquilias,
824 2398 934 2483 quales
960 2422 1045 2464 nunc
1065 2400 1128 2462 sint
1148 2408 1245 2484 atque

158 2496 264 2585 paullo
279 2505 353 2562 ante
367 2497 494 2580 fuerint,
516 2495 701 2562 describens
715 2498 769 2580 ait,
783 2519 868 2561 nunc
881 2497 980 2562 licere
994 2498 1147 2584 Esquiliis
1162 2498 1244 2563 salu-

159 2596 271 2663 bribus
292 2595 436 2661 habitare
459 2604 553 2680 atque
574 2597 606 2659 in
626 2618 746 2682 aggere
762 2597 871 2682 aprico
886 2599 1028 2683 spatiari,
1050 2597 1157 2684 paullo
1173 2607 1248 2663 ante

160 2695 242 2764 albis
263 2695 387 2761 ossibus
409 2693 584 2759 deformem
604 2718 718 2782 agrum
738 2704 915 2783 spectatum
936 2719 1017 2761 esse.
1049 2698 1139 2784 Ergo
1159 2706 1247 2762 ante-

160 2795 222 2863 hac
240 2817 304 2863 uon
318 2794 421 2881 magis
436 2796 470 2859 in
485 2817 606 2881 aggere
621 2795 730 2881 aprico
746 2797 878 2881 spatiari
891 2795 1009 2861 licebat
1022 2819 1117 2883 quarn
1130 2797 1248 2883 Esqui-

161 2895 213 2969 liis
235 2895 414 2962 salubribus
440 2892 600 2979 habitare,
627 2895 702 2980 quia
721 2895 887 2982 Esquiliae
907 2918 972 2960 non
993 2905 1083 2960 erant
1103 2896 1248 2962 salubres

162 3004 195 3063 st
221 3018 324 3083 agger
351 2996 478 3083 apricus
503 3017 568 3059 non
594 2994 749 3060 exstabat.
793 2995 902 3076 Quare
927 3017 1025 3081 quum
1044 2995 1108 3060 huc
1129 2998 1248 3084 respici

159 3104 307 3181 nequeat,
327 3105 392 3160 tam
412 3120 476 3182 qao
496 3117 592 3182 quam
612 3119 672 3181 qao
693 3095 881 3160 mendosum
901 3104 949 3160 est
970 3103 1002 3159 et
1021 3095 1115 3161 nobis
1131 3118 1247 3183 prono·

161 3197 246 3260 mine
266 3195 401 3260 relativo
422 3195 465 3260 ad
484 3197 635 3260 omissum
650 3194 933 3260 demonstrativum
945 3195 1186 3260 accommodato
1201 3197 1248 3261 sic

161 3294 383 3382 relegendum:
405 3293 453 3378 qui
471 3295 561 3361 modo
583 3296 686 3360 tm‘stes
707 3295 786 3360 albis
801 3296 967 3381 insomnem
980 3297 1159 3382 mactabunt
1173 3298 1250 3361 ossi·
1269 3355 1277 3369 ,

34 3428 46 3450 ·-
162 3396 218 3460 bas
238 3419 356 3483 aprum.
390 3394 456 3460 Otr.
481 3393 541 3459 Ov.
563 3394 618 3459 Tr.
639 3393 700 3478 ΠΙ,
723 3394 750 3478 l,
772 3393 823 3458 42.
854 3394 930 3459 Irus
950 3407 979 3458 et
1000 3407 1044 3458 est
1063 3394 1172 3477 sabito,
1194 3395 1253 3480 qai

160 3495 251 3560 modo
267 3495 397 3560 Moeram
412 3508 487 3560 erat.
524 3493 667 3579 Sequens
681 3493 795 3559 vecula
808 3493 898 3559 modo
911 3515 969 3580 pro
984 3492 1123 3559 ablativo
1137 3492 1251 3560 habita

51 3660 53 3664 ,
163 3593 374 3681 corruptelam
395 3593 537 3677 adduxit,
557 3602 592 3657 ut
612 3591 653 3657 ad
675 3591 740 3658 Sat.
762 3592 789 3678 Ι,
810 3594 839 3677 2,
862 3594 931 3658 125.
951 3594 1155 3659 ostendimus.
1187 3593 1249 3659 (ie-

162 3702 263 3760 terum
285 3715 364 3759 eave
387 3693 508 3778 audias,
529 3693 583 3779 qui
603 3693 804 3778 Esquilinum
825 3715 979 3779 aggerem
1001 3694 1042 3759 ab
1056 3693 1248 3759 Maecenate

163 3794 325 3859 conditum
353 3817 424 3860 cum
449 3793 615 3880 Tarquinii
641 3792 780 3879 Superbi
812 3815 933 3880 aggere
960 3792 1114 3879 Esquiliis
1139 3795 1249 3860 vicino

44 3894 54 3915 ⁰
162 3917 253 3961 mera
273 3917 353 3960 voce
375 3919 469 3983 appar
490 3894 617 3980 decepti
635 3893 837 3980 permiscent.

162 4028 194 4081 V.
213 4031 251 4082 17.
269 4044 324 4096 sqq.
359 4028 457 4091 Quum
472 4027 535 4077 mihi
550 4042 604 4077 non
619 4029 720 4076 tantum
735 4026 857 4092 furesque
873 4025 996 4092 feraeque
1012 4030 1102 4077 suetae

363 4111 442 4162 Hunc
457 4126 551 4162 vexare
566 4110 652 4161 locum
670 4125 748 4159 curae
764 4114 837 4159 suut
853 4112 932 4175 atque
948 4109 1040 4172 labori,

363 4194 498 4257 Quantum
513 4194 670 4247 carminibus
687 4208 755 4260 quse
770 4197 876 4244 versant
891 4196 970 4259 atque
986 4192 1095 4243 venenis
