2678 4642
123 211 166 276 44
286 288 288 291 v
551 224 786 274 eorummet

124 391 230 458 debet.
265 393 416 459 Fortasse
436 415 530 457 aecae
552 413 593 456 ex
613 415 646 457 v.
662 391 713 457 63.
732 390 796 456 hue
815 387 966 468 tralatum
987 394 1035 453 θεῖ
1057 393 1088 453 et
1110 402 1216 452 numne

122 492 306 579 genuinum,
327 491 446 557 utiam
466 491 626 577 Reisigius
648 492 824 577 suspicatus
846 500 903 554 est.

122 608 154 661 V.
171 609 213 661 46.
230 624 287 675 sqq.
370 639 372 645 ·
682 605 753 671 quod
770 621 830 658 acer
846 605 950 670 spiritus
968 620 999 655 ao
1015 604 1057 654 vie

319 691 375 741 Nec
389 690 477 741 verbis
494 705 543 739 nec
559 689 637 739 rebus
654 688 729 752 inest,
746 688 797 738 nisi
814 689 885 754 quod
900 689 967 753 pede
984 693 1054 738 certo

312 773 414 840 ¹Ditiert
430 772 550 836 sermoni,
567 787 669 822 sermo
686 785 799 822 merus.

207 872 250 936 H.
267 894 295 937 e.
317 872 375 937 aed
393 894 492 936 termo
513 895 616 936 merae
636 883 689 954 eet,
710 871 777 936 aiei
794 867 879 955 qaod
903 881 999 934 metro
1027 891 1048 932 a
1074 889 1212 931 commone

123 970 247 1058 differt,
280 971 372 1036 sicuti
398 970 525 1056 scripsit
552 968 620 1035 cic.
644 967 733 1034 Orat.
760 969 812 1033 20.
840 967 929 1055 apud
954 992 1030 1055 quoe
1057 965 1210 1050 (comicos

122 1069 261 1157 poetae),
282 1071 349 1135 ac‘ei
366 1067 451 1156 qaod
469 1069 617 1134 aerar‘cali
635 1082 719 1150 eant,
735 1066 829 1134 ¹rm‘ln'l
847 1080 892 1132 cet
919 1066 1009 1132 aliud
1032 1065 1213 1151 quotidiani

123 1169 276 1234 diaeimc'lc
296 1170 456 1234 eermoair.
497 1168 574 1232 Post
595 1169 785 1232 sententiam
805 1166 992 1253 negativam
1012 1165 1070 1230 aed
1088 1164 1209 1251 saepis·

123 1268 204 1333 sime
225 1289 289 1332 non
311 1269 380 1333 sine
401 1268 562 1354 gravitate
583 1267 852 1353 praetermittitur.
896 1263 952 1330 Sic
974 1264 1040 1331 Sat.
1056 1264 1084 1348 Ι,
1105 1266 1136 1348 9,
1157 1265 1208 1329 56.

122 1389 193 1454 sqq.
225 1367 326 1432 Haud
343 1368 424 1432 milti
442 1366 548 1450 dcere,
570 1367 748 1438 maneatur
768 1388 873 1430 aercae
901 1388 1098 1450 corrumpam
1104 1387 1115 1447 ,·
1140 1388 1209 1446 aaa,

122 1466 213 1532 hodie
228 1468 261 1530 a·
272 1467 529 1553 caelammfaem,
545 1465 700 1549 desistam,
716 1479 855 1552 tempora
869 1488 1024 1550 quaeram,
1048 1487 1209 1528 occurram

122 1568 158 1634 in
189 1567 308 1648 triviis,
341 1565 502 1630 deducam.
551 1564 654 1651 Epist.
676 1565 720 1648 H,
742 1565 772 1649 3,
794 1565 845 1629 99.
868 1585 915 1650 sq.
958 1562 1032 1627 Noa
1057 1564 1137 1628 ratri
1168 1574 1210 1627 eet

118 1666 252 1752 paleira
284 1689 348 1730 eree
373 1678 535 1752 poemata,
569 1664 674 1729 dotcr'a
704 1677 794 1729 reato
831 1676 859 1728 et
894 1685 1081 1749 quocumque
1111 1663 1210 1727 voleat

123 1766 260 1829 animam
290 1764 446 1830 auditoria
476 1777 600 1852 aquato.
652 1762 736 1829 Ibid.
758 1763 830 1827 297.
853 1784 900 1849 sq.
933 1763 1013 1826 boae
1039 1785 1120 1848 para
1150 1786 1211 1827 aaa

121 1888 372 1956 aequaeupcnere
394 1877 491 1947 carot,
513 1887 575 1929 noa
596 1863 739 1946 barbam,
761 1875 879 1927 recreta
894 1863 976 1948 petit
996 1861 1078 1944 loca,
1101 1862 1209 1926 balnea

121 1965 208 2028 m'tot.
259 1963 332 2028 Hoc
360 1986 474 2049 parum
502 1962 700 2027 attendentes
725 1960 869 2026 nonnulli
893 1983 947 2025 vv.
970 1959 1023 2024 dd.
1051 1970 1210 2026 commate

121 2071 194 2149 post
214 2063 351 2127 sermoni
368 2061 492 2126 sublato
522 2062 689 2126 eruebant:
720 2063 787 2126 εἰεί
810 2060 895 2148 qaod
920 2084 942 2125 a
967 2083 1106 2125 sermone
1126 2060 1211 2148 pede

123 2175 204 2226 certo
225 2161 277 2225 aa
297 2183 396 2225 sermo
417 2184 519 2225 merae
541 2160 659 2248 differt.
703 2161 826 2225 Verum
845 2161 917 2243 m'm',
940 2182 1035 2245 quum
1057 2159 1101 2225 ad
1122 2171 1210 2225 ante·

123 2259 270 2353 cedentia
290 2259 375 2323 nullo
397 2249 491 2346 pacto
514 2260 671 2346 applicari
693 2269 803 2346 queat,
830 2252 1013 2346 necessario
1042 2258 1084 2323 ad
1110 2284 1211 2328 rcrmo

121 2383 225 2427 memte
255 2368 385 2444 spectat.
438 2358 552 2443 Neque
579 2359 660 2446 pede
693 2374 774 2424 certo
806 2358 914 2446 differt
944 2360 1082 2424 sermoni
1109 2383 1211 2425 aermo

121 2483 224 2523 memte
248 2457 341 2522 nobis
368 2459 495 2522 omnino
524 2480 715 2545 componere
741 2458 831 2542 licet,
863 2457 949 2544 quod
979 2458 1034 2524 ille
1065 2481 1131 2524 non
1164 2468 1212 2526 est

122 2580 226 2622 sermo
247 2579 363 2641 merus,
385 2557 440 2644 qui
459 2566 560 2622 metro
583 2579 603 2622 a
624 2580 770 2623 sermone
793 2558 965 2645 discrepat.

100 2736 102 2742 .
121 2692 154 2743 V.
172 2692 211 2743 48.
229 2706 286 2756 sqq.
877 2691 913 2742 At
928 2685 1003 2756 pater
1019 2691 1115 2742 ardens

226 2781 230 2791 ‘
322 2773 419 2838 Saevit,
436 2767 507 2840 qnod
523 2775 655 2824 meretrice
672 2790 769 2839 nepos
786 2775 894 2824 insanus
912 2774 996 2824 amica

318 2856 403 2907 Filius
420 2872 526 2909 uxorem
543 2858 711 2924 grandinum
728 2858 788 2907 dote
804 2862 906 2907 recuset
921 2893 1021 2903 ...-

205 2954 377 3020 Horkeliue
400 2955 574 3021 anal.Hor.
589 2980 621 3043 p.
646 2958 715 3021 122.
738 2979 784 3044 sq.
806 2956 899 3043 nefor
918 2978 977 3043 pro
997 2979 1092 3042 nepae
1106 2957 1212 3024 suffici

122 3054 231 3138 voluit,
253 3055 339 3141 quod
352 3080 447 3143 aepoa
460 3056 543 3120 inter
555 3057 687 3120 nomina
699 3071 796 3143 pater
817 3065 848 3120 et
859 3056 950 3142 fileae
971 3054 1013 3120 ad
1033 3054 1090 3119 filii
1111 3055 1212 3122 filium

122 3155 237 3219 referri
257 3178 296 3219 ae
316 3157 458 3220 narratio
481 3157 662 3242 exspectari
681 3158 792 3242 possit,
814 3154 928 3241 quibus
950 3155 1105 3219 conviciis
1126 3156 1211 3222 filius

123 3264 254 3343 propter
273 3277 408 3341 pravam
429 3256 478 3320 sui
498 3254 555 3319 filii
577 3255 799 3320 educationem
820 3263 951 3340 epatre
978 3263 1130 3341 exceptus
1158 3257 1211 3322 sit

122 3354 296 3420 Praeterea
321 3354 426 3418 eidem
457 3355 528 3419 viro
561 3354 742 3420 doctiasimo
774 3377 886 3441 parum
918 3353 1072 3418 credibile
1104 3355 1212 3420 visum

124 3464 180 3537 est,
203 3476 274 3518 eum
294 3462 436 3541 patrem,
463 3454 518 3541 qui
545 3477 698 3540 magnum
725 3454 864 3518 dedecus
892 3475 962 3518 esse
989 3453 1211 3539 clamitaverit,
1238 3523 1246 3538 ‚

123 3553 210 3641 quod
231 3552 313 3617 filius
336 3553 442 3618 ebrius
464 3561 537 3616 ante
558 3563 685 3619 noctem
707 3577 779 3618 eum
805 3553 930 3618 facibus
953 3551 1147 3637 ambularet,
1169 3554 1212 3620 de

121 3653 218 3740 longe
239 3652 361 3717 maiore
381 3651 439 3718 filii
459 3652 627 3736 facinore,
644 3654 731 3738 quod
755 3654 931 3718 meretricis
959 3675 1101 3718 amorem
1128 3654 1209 3740 legi-

122 3754 206 3818 timis
227 3753 343 3838 nuptiis
365 3752 589 3840 anteponebat,
610 3775 674 3818 non
695 3754 879 3838 graviorem
897 3754 932 3817 in
945 3752 1075 3818 modum
1089 3753 1123 3817 in
1136 3776 1211 3840 per-

122 3853 204 3918 ditos
224 3852 360 3918 hominis
381 3874 486 3917 morea
507 3853 669 3916 invectum
691 3875 771 3917 θεεθ.
814 3853 955 3918 Primum
977 3862 1083 3917 autem
1114 3875 1210 3940 argu-

123 3962 264 4018 mentum
283 3952 384 4018 leviue
413 3961 461 4017 θεῖ
486 3961 581 4039 atque
608 3951 722 4017 eodem
749 3951 905 4018 adductus
930 3952 1088 4039 quispiam
1115 3954 1211 4018 etiam

122 4075 240 4122 nomen
269 4066 366 4139 pater
400 4051 571 4118 sollicitare
602 4053 712 4139 possit.
767 4051 912 4117 Alterum
944 4053 1073 4139 quidem
1104 4055 1210 4139 magis

121 4152 337 4242 ponderosum
356 4172 461 4238 neque
481 4161 589 4220 tamen
610 4151 773 4225 eiusmodi
785 4161 841 4238 θεῖ,
862 4160 898 4218 ut
914 4175 1010 4238 aanor
1029 4174 1102 4218 oum
1116 4155 1211 4240 nesae
