2678 4642
120 226 161 293 48
549 235 783 287 comumnes

203 406 248 472 Ut
267 405 371 493 verba
387 404 468 470 nolti}
489 448 571 461 --
590 405 689 470 veniet
710 446 792 458 --
812 426 953 493 eoyemoe
976 402 1092 470 eodem
1115 404 1212 481 modo

121 509 309 590 efferantur,
329 504 494 569 Bentleius
516 525 559 568 ex
580 504 808 569 consuetudine
829 524 889 568 sua
913 504 1021 569 omnia
1048 525 1212 591 exaequa-

120 617 208 673 turus
230 605 277 681 (v.
293 607 361 670 eius
383 604 503 668 dietata
523 603 566 667 ad
586 626 618 668 v.
635 603 684 666 73.
708 612 739 668 et
760 603 802 669 ad
816 601 883 668 Sat.
898 601 925 685 Ι,
940 603 970 687 8,
983 603 1036 668 41.
1057 602 1212 701 Q,20.

122 716 155 772 et
174 707 277 793 Epist.
298 705 342 788 Π,
366 704 394 785 1,
415 703 484 785 31.,
511 702 568 767 ubi
587 701 810 767 Bentleianum
837 703 923 766 eittro
948 715 996 767 eet
1023 688 1107 786 eled,
1134 703 1158 768 i.
1180 724 1211 768 e.

120 808 205 872 eittra
226 817 271 869 est
291 805 326 868 in
348 803 424 883 oleo,
446 800 562 866 salsum
583 823 645 865 neo
664 803 770 888 magis
784 801 936 867 Latinum
956 796 1115 887 estunam
1133 824 1168 866 v.
1180 823 1211 867 e.

68 924 70 928 ’
121 919 212 970 eoetra
233 915 278 968 eet
298 927 338 968 ea·
359 901 437 982 olea)
459 901 543 964 noles
564 901 736 986 supposuit,
758 892 944 985 discrimind
961 900 1132 965 modorum
1146 923 1213 965 non

120 1003 291 1070 intellecto.
334 998 487 1065 Formule
514 1001 546 1064 εί
573 1000 661 1082 nolis,
693 1023 779 1065 weon
810 999 854 1066 da
885 1012 962 1064 awo
991 1000 1077 1066 ot‘edt
1107 1001 1210 1084 etate,

9 1181 11 1185 .
120 1104 235 1170 festive
258 1101 382 1166 animus
404 1099 548 1164 statuitur
567 1121 758 1186 propensus;
781 1099 1047 1166 contradictione
1066 1100 1100 1164 ei
1116 1100 1211 1183 ποίεε,

119 1226 206 1268 werra
227 1200 271 1264 da
290 1199 431 1263 wirklielt
450 1199 535 1263 nieht
555 1199 646 1262 millet
652 1245 662 1280 ,
693 1197 831 1286 simplex
851 1198 978 1286 ponitur
999 1197 1153 1282 conditio,
1174 1205 1210 1263 ut

120 1302 224 1388 Epist.
250 1299 277 1383 I,
303 1299 333 1381 2,
359 1298 411 1361 34.
438 1306 469 1362 et
494 1296 520 1379 Ι,
543 1297 571 1380 7,
597 1297 648 1362 25.
695 1298 787 1362 Prius
813 1298 940 1386 lepidae
969 1298 1208 1363 comminationi

119 1400 217 1466 multo
239 1398 342 1484 magis
362 1419 459 1483 quam
480 1394 823 1484 alterumrespondet,
850 1419 951 1484 quare
976 1397 1058 1463 oolt’s
1088 1397 1210 1464 iudiea-

120 1502 186 1567 tivo
207 1500 292 1566 noles
312 1492 408 1584 longe
429 1503 579 1585 praestat.
1172 1483 1177 1499 “

556 1721 700 1798 SM.
714 1725 773 1796 V.

120 1881 152 1934 V.
170 1882 193 1932 1.
211 1894 251 1946 eq.
323 1878 465 1944 Egressum
482 1893 579 1944 magna
595 1893 636 1928 me
653 1878 777 1945 excepit
791 1876 879 1930 Aricia
894 1878 979 1930 Roma

316 1961 439 2026 Hospitio
456 1960 558 2011 modieo
575 1988 609 1998 -

204 2077 337 2144 Variam
357 2075 527 2140 lectionem
549 2076 668 2162 occepit
683 2073 820 2140 Orellius
836 2075 969 2161 vulgata
985 2078 1107 2163 eeroepa't
1120 2078 1206 2144 dete·

121 2179 240 2244 riorem
261 2174 436 2257 iudicabat,
457 2173 551 2239 nullis
572 2182 680 2239 tamen
700 2176 896 2261 argumentis
919 2179 1103 2264 expromtis.
1144 2177 1208 2242 Per

122 2301 157 2344 se
188 2297 265 2341 vero
297 2282 463 2361 utrumque
491 2274 626 2339 verbum
652 2273 790 2360 probum
812 2282 873 2357 est,
901 2284 935 2340 ut
961 2284 1050 2363 patet
1076 2299 1119 2342 ex
1140 2276 1208 2343 cie.

121 2378 187 2446 Art.
202 2374 246 2458 H,
264 2374 313 2438 16.
330 2381 411 2438 extr.
432 2374 567 2460 hospitio
589 2375 708 2461 opreeti
716 2367 910 2460 accipiemus.
945 2374 1008 2440 Ov.
1022 2375 1102 2441 Her.
1117 2375 1208 2459 XVI,

115 2477 193 2560 127.
229 2474 362 2559 Erupit
389 2474 523 2560 hospitio
550 2475 600 2539 vir
620 2497 667 2536 me
688 2485 768 2537 tuos.
821 2474 914 2560 Virg.
938 2473 1021 2539 Aen.
1046 2475 1108 2559 ΠΙ,
1136 2476 1208 2542 353.

120 2565 376 2661 Illoeportier'bae
385 2596 443 2637 rea
453 2572 625 2658 accipiebat
634 2575 669 2636 in
678 2572 800 2657 amplae.
821 2572 902 2638 Hor.
914 2573 982 2638 Sat.
993 2573 1059 2658 Ι,4,
1072 2575 1143 2640 133.
1157 2597 1205 2662 sq.

121 2675 251 2742 lectulos
272 2686 327 2737 aot
347 2695 394 2736 me
411 2673 554 2758 porticae
575 2674 703 2759 eeeepr't.
748 2671 824 2737 Son.
846 2671 949 2759 Epist.
965 2674 1015 2738 21.
1038 2687 1066 2739 te
1079 2675 1209 2761 polenta

122 2774 258 2860 ereth'et
279 2784 308 2836 et
329 2794 443 2857 aquom
463 2794 581 2857 quoque
598 2772 685 2858 torpe
699 2770 931 2837 administrabit
945 2786 973 2837 et
987 2773 1077 2857 dicet,
1100 2773 1211 2863 ecquid

123 2875 196 2941 bene
217 2884 361 2958 accepitne
382 2869 437 2947 ee?
468 2869 530 2935 Ov.
545 2871 634 2935 Fast.
649 2870 693 2955 ΙΙ,
710 2870 780 2935 725.
797 2893 846 2958 sq.
881 2872 1071 2957 Tarquiniae
1089 2874 1208 2939 iuvenis

121 2975 223 3040 aoeies
244 2971 435 3058 doptdurque
455 2993 596 3056 meroque
617 2971 741 3056 acepit.
783 2969 1012 3037 Verumtamen
1037 2994 1135 3060 quum
1155 2996 1206 3039 ex·

122 3075 203 3160 cepit
222 3071 318 3159 longe
346 3068 472 3134 facilius
497 3091 556 3155 pro
584 3071 704 3156 oeeepn't
731 3091 826 3156 quam
852 3072 972 3157 aoceprit
997 3093 1057 3158 pro
1086 3072 1206 3158 excepit

122 3197 144 3240 a
164 3171 278 3238 scribis
299 3169 444 3235 substitui
464 3177 581 3255 posset,
603 3170 679 3256 quia
699 3170 818 3256 occepit
837 3191 903 3233 non
923 3179 990 3234 tam
1006 3179 1116 3236 notum
1138 3178 1207 3237 erat

91 3352 97 3361 ·
122 3295 218 3362 quam
244 3271 377 3355 eecepit,
406 3289 464 3332 nos
494 3270 613 3356 occepit
632 3268 686 3334 hie
706 3290 810 3355 aeque
832 3268 991 3332 sincerum
1016 3269 1208 3336 arbitramur

122 3381 217 3457 atque
240 3368 306 3433 Sat.
328 3367 372 3451 Π,
388 3366 417 3451 6,
436 3367 486 3432 80.
504 3389 551 3454 sq.
580 3370 715 3433 roeticas
735 3367 887 3449 ordonum
906 3392 1023 3436 murem
1043 3393 1112 3434 moe
1125 3393 1207 3457 pore·

115 3493 195 3558 pere
206 3470 319 3555 fertur
339 3468 493 3552 αοεερίεεε
515 3490 600 3532 cavo.
632 3466 676 3550 Π,
691 3468 721 3551 8,
736 3466 786 3532 67.
814 3480 849 3531 ut
877 3490 931 3554 epo
953 3469 1095 3555 aeetpr‘ar
1116 3470 1207 3534 deute.

124 3568 176 3635 Ob
198 3590 310 3632 sonum
331 3574 438 3631 autem
459 3567 632 3652 gratiorem
653 3590 700 3631 me
720 3568 840 3653 aceepit
860 3588 925 3631 non
944 3568 1138 3654 praeferam.
1165 3568 1205 3634 V.

122 3665 358 3754 samam

121 3803 153 3857 V.
170 3805 194 3854 2.
212 3817 251 3868 sq.
644 3798 731 3848 rhetor
746 3813 833 3849 eomes
849 3798 1016 3863 Heliodorus,

320 3882 478 3935 Graecorum
495 3879 588 3947 longe
604 3880 768 3943 doctissimus
784 3917 868 3928 ...-

204 3981 299 4048 Unde
320 4004 352 4062 v.
367 3980 389 4046 l.
419 3982 543 4069 itaquae
568 3975 603 4044 in
629 3979 781 4067 plurimos
810 3978 892 4047 Odd.
920 3979 1118 4067 pervenerit,
1146 3978 1207 4044 hoe

122 4105 200 4150 sene
221 4084 324 4150 minus
339 4090 483 4169 apertum
499 4089 547 4145 est
560 4103 656 4167 quam
672 4079 829 4167 quomodo
850 4081 937 4168 &rope
955 4081 1046 4144 nasei
1059 4079 1205 4168 potuerit.

123 4181 260 4267 Quando
289 4181 375 4246 enim
401 4178 454 4248 vel
484 4181 680 4248 recentiores
710 4178 866 4278 philologi
897 4180 1079 4267 opinantur,
1112 4200 1207 4265 quum
