2678 4642
166 206 227 271 130
578 114 833 274 &amorium

164 390 195 440 V.
213 392 252 443 47.
270 405 325 456 sqq.
820 391 912 442 leniter
928 390 956 441 in
973 406 1046 457 spem

377 472 475 537 Arrepe
492 470 632 536 officiosus,
648 478 679 523 ut
695 477 725 524 et
741 475 856 526 scribare
872 475 1002 525 secundus

378 555 462 605 Heres
479 559 513 618 et,
530 555 553 605 si
569 556 626 621 quis
644 570 721 606 casus
738 573 848 623 puerum
865 557 945 624 egerit
962 573 1041 620 orco,-

378 637 411 688 In
426 654 541 689 vacuum
556 639 647 688 venies
663 673 744 685 ...-

248 786 356 850 Primo
388 786 500 852 heredi
531 796 655 853 mortuo
692 788 850 854 secundus
886 788 1030 854 succedit
1063 769 1264 871 necessarie,

167 907 263 972 quam
295 885 336 951 ob
373 909 503 951 causam
534 888 740 953 Heindorfius
773 888 892 974 duplex
923 901 952 952 et
982 896 1069 953 recte
1095 888 1263 953 refutavit.

166 986 313 1071 Namque
339 985 412 1051 ficto
440 986 579 1071 quodam
601 987 721 1074 duplici
743 996 849 1074 optato
872 988 1042 1073 captatoris
1062 986 1144 1051 nihil
1165 987 1264 1074 profi·

167 1087 284 1169 cimus,
306 1108 402 1171 quum
428 1085 480 1151 hic
502 1086 668 1152 dumtaxat
689 1087 813 1151 detine
835 1086 1017 1170 disseratur,
1040 1087 1095 1174 qui
1116 1087 1264 1152 officioso

166 1185 359 1270 spectandus
381 1186 430 1249 sit.
463 1186 615 1250 Fortasse
635 1199 670 1250 ut
691 1185 850 1252 adscribere
870 1187 1045 1273 genuinum
1066 1195 1123 1251 est
1160 1186 1264 1252 Heinn

168 1284 285 1348 dorfius
308 1285 438 1372 optabat
459 1283 501 1349 11ίί
520 1287 668 1350 acrabore.

166 1402 197 1452 V.
215 1403 256 1452 59.
274 1416 312 1467 sq.
347 1401 370 1450 0
387 1401 534 1465 Laertiade,
552 1401 685 1467 quidquid,
702 1401 815 1465 dicam,
833 1405 878 1452 aut
894 1402 943 1451 erit
959 1387 1086 1467 autnon,

349 1484 474 1534 Divinare
491 1486 585 1534 etenim
602 1500 713 1550 magnus
729 1484 791 1533 mihi
808 1484 889 1535 donat
904 1484 1007 1550 Apollo.

250 1581 338 1647 Nihil
358 1581 411 1647 hic
432 1583 558 1647 ridiculi
578 1584 642 1647 nisi
663 1582 748 1670 quod
769 1585 831 1670 ipsi
851 1585 1054 1672 interpretes,
1075 1584 1163 1648 inter
1184 1603 1266 1668 quos

169 1679 265 1746 etiam
290 1683 485 1768 perantiqui,
512 1685 592 1748 miro
615 1705 692 1752 sane
715 1683 809 1748 modo
832 1684 1004 1748 commenti
1024 1692 1106 1747 sunt.
1150 1681 1264 1746 Neuti-

169 1804 264 1867 quam
286 1783 370 1845 enim
380 1781 536 1868 Apollinis
559 1783 709 1847 sacerdos
732 1783 961 1848 divinationem
982 1784 1061 1866 risit,
1082 1780 1142 1846 sed
1156 1782 1263 1867 potius

171 1883 281 1945 effatus
304 1890 352 1946 est
373 1881 489 1963 dicam,
513 1883 667 1968 quidquid
692 1896 746 1946 cut
768 1885 827 1946 crit
848 1897 902 1947 aot
922 1907 997 1966 noa,
1019 1883 1139 1946 utiam
1160 1881 1263 1945 Reisi-

169 1982 242 2066 gius
263 1983 436 2068 perspexit.
469 1982 522 2046 De
543 1981 721 2068 hyperbato
745 1982 802 2046 cfr.
825 1982 912 2046 infra>
928 2005 961 2046 v.
987 1982 1054 2046 100.
1069 2004 1118 2067 sq.
1133 1993 1266 2066 quartae

169 2094 232 2144 esto
245 2082 356 2166 partis
383 2081 502 2163 Ultores,
526 2081 681 2163 audieris,
704 2083 799 2146 berec.
844 2080 910 2164 Sat,
932 2082 976 2166 Il,
1002 2082 1027 2164 l,
1050 2082 1100 2146 60.
1124 2081 1266 2166 quisquis

170 2181 236 2261 erit
249 2182 339 2261 vitae,
362 2182 505 2263 scribom,
528 2182 620 2245 color.
643 2181 728 2264 11,2,
747 2181 816 2245 116.
833 2203 880 2267 sq.
903 2204 1050 2268 11011190,
1073 2192 1265 2262 comantem,

155 2292 279 2342 ‘temere
300 2279 354 2343 edi
370 2280 436 2344 lace
453 2283 599 2367 profesta
619 2279 788 2365 quidquam
804 2294 933 2367 praeter
949 2281 1015 2345 olus
1026 2283 1180 2368 fumosae
1195 2303 1265 2344 cum

165 2377 247 2464 pede
260 2401 392 2463 pernae.
435 2380 537 2465 Epist.
560 2380 608 2463 ΙΙ,
630 2380 659 2462 3,
681 2380 730 2443 86.
754 2402 801 2464 sq.
828 2381 1013 2466 Descrr‘ptas
1034 2400 1161 2444 servare
1182 2381 1265 2444 vices

171 2501 355 2564 operumque
378 2478 506 2560 colores,
536 2503 592 2543 cur
613 2502 681 2565 epo,
710 2480 742 2542 si
759 2502 872 2564 nequeo
893 2481 1080 2567 ipsoroque,
1094 2492 1196 2564 poeto
1217 2501 1266 2542 sa·

141 2578 273 2642 flator?
316 2576 422 2642 Carm.
443 2576 512 2661 ΙΠ,
534 2578 584 2660 27,
609 2578 657 2641 18.
680 2599 728 2662 sq.
760 2579 839 2665 Epo,
861 2579 939 2665 quaid
958 2581 1001 2644 cit
1020 2592 1088 2644 oter
1107 2577 1265 2660 Hadriae,

170 2701 252 2760 acor,
274 2701 371 2742 sanus.

171 2794 202 2846 V.
220 2796 259 2844 79.
277 2809 316 2859 sq.
349 2793 427 2844 Venit
443 2793 512 2842 enim
528 2808 675 2858 magnum
692 2793 807 2843 donandi
823 2809 903 2858 parca
920 2794 1048 2856 iuventus,

361 2876 416 2927 Nec
431 2879 534 2926 tantum
549 2876 659 2937 veneris,
677 2880 803 2941 quantum
821 2877 939 2926 studiosa
956 2877 1065 2926 culinae.

254 2975 352 3040 Falsa
382 2976 555 3042 verborum
587 2977 777 3040 constructio
809 2977 917 3040 varios
948 2973 1099 3061 produxit
1128 2994 1266 3038 errores.

172 3074 265 3140 Nullo
293 3075 421 3161 quidem
446 3076 658 3140 medicamine
680 3075 875 3160 indigemus,
902 3097 964 3139 neo
988 3082 1097 3138 tamen
1120 3097 1268 3161 acapnum

160 3210 161 3213 ¹
174 3175 315 3240 donandi
328 3175 549 3260 copsdandum,
572 3176 648 3260 quia
661 3176 752 3261 proci
765 3174 948 3261 Penelopae
962 3197 1070 3259 parca
1083 3196 1269 3260 mopaoram

174 3276 324 3340 donorum
350 3277 491 3338 iuventus
515 3297 580 3338 non
607 3283 711 3357 erant,
740 3297 816 3338 nam
841 3274 929 3339 nulla
950 3273 1080 3337 omnino
1103 3271 1191 3336 dona
1213 3271 1267 3337 da·

174 3374 252 3440 bant
279 3382 352 3439 ante
380 3373 515 3437 reditum
542 3372 647 3437 Ulixis
677 3382 708 3437 et
734 3396 772 3438 eo
799 3374 864 3438 iam
892 3380 1060 3460 praesente
1083 3371 1267 3458 Penelopae

174 3475 276 3540 solum
301 3473 417 3538 astutia
439 3472 481 3537 ad
503 3472 686 3537 donandum
706 3472 947 3537 inducebantur.
992 3471 1165 3557 Coniunge
1189 3469 1289 3557 ergo¹

173 3598 319 3662 acapnum
331 3595 445 3658 parco,
466 3573 488 3635 i.
511 3594 539 3636 e.
559 3575 747 3658 parcssrz’na,
769 3573 815 3636 uti
832 3596 863 3637 v.
879 3573 929 3636 80.
946 3585 1063 3637 tontum
1075 3625 1160 3644 ..-
1172 3595 1267 3658 quan-

174 3688 237 3738 tum
258 3672 409 3737 studiosa.
455 3670 521 3737 cfr.
545 3671 587 3736 ad
609 3671 675 3736 Sat.
697 3672 742 3755 Π,
764 3673 793 3756 3,
815 3672 887 3743 283.

173 3792 204 3842 V.
222 3792 261 3841 90.
280 3805 318 3854 sq.
351 3787 490 3839 Difficilem
508 3792 534 3837 et
550 3803 681 3838 morosum
698 3788 810 3838 offendet
825 3788 958 3858 garrulus:
974 3786 1061 3838 ultro

249 3934 251 3940 .
349 3870 632 3922 Nonetiamsileas.
895 3923 896 3926 ,

256 3971 359 4036 Varia
379 3969 474 4035 lectio
495 3971 578 4035 ultra
598 3980 722 4034 merum
743 3971 923 4056 scripturae
941 3967 1094 4035 mendum
1116 3978 1176 4035 est.
1221 3971 1272 4036 Ul

98 4070 104 4081 “
174 4087 222 4138 tro
243 4081 350 4136 autem
370 4094 424 4136 vv.
447 4068 499 4135 dd.
521 4070 637 4156 partim
659 4092 732 4134 cum
750 4070 913 4158 parrulos,
934 4068 1051 4155 partim
1071 4090 1147 4134 curn
1160 4070 1273 4136 verbis

175 4169 442 4257 subsequentibus
465 4170 657 4235 consociant.
700 4169 823 4234 Verum
844 4168 900 4234 illa
922 4167 1124 4253 copulatione
1147 4170 1271 4238 incom-
