2678 4642
147 183 208 275 124
245 212 247 217 '
594 223 829 274 cnumcrnunn

144 392 255 479 superi
273 403 406 456 cataroe
425 390 577 456 meliores!
603 400 746 466 nostrum
766 390 871 455 locum
893 389 1058 476 eleganter
1080 390 1250 458 imitatum

144 514 218 557 esse
239 492 308 578 ipse
331 489 600 573 animadverterit,
621 513 685 554 non
703 490 811 576 liquet,
832 491 895 554 nisi
910 512 982 554 eum
996 491 1093 555 unice
1105 489 1157 555 ad·
1170 511 1246 555 con·

144 592 350 656 structionem
373 588 523 654 vocabuli
543 592 645 654 melior
666 613 738 654 cum
759 590 914 654 infinitivo
937 591 1092 654 intentum
1112 589 1247 678 reliqna

56 687 59 691 ’
135 690 245 755 ‚verba
265 712 393 776 prorsus
413 689 597 776 neglexisse
618 698 747 754 statuas.

142 823 173 875 V.
190 825 248 875 316.
265 839 321 891 sqq.
543 849 546 854 ·
913 821 963 872 Illa
981 837 1084 890 rogare,

341 907 488 968 Quantane,
504 920 567 955 num
583 904 712 956 tandem
729 907 762 954 se
777 903 902 955 inflans
920 905 968 954 sic
984 920 1082 972 magna
1098 905 1208 958 fuisset.

340 987 444 1056 MaiJor
461 988 601 1039 dimidio.
634 975 837 1039 Num'tanto?
872 990 959 1050 Quum
974 989 1057 1054 magis
1076 992 1162 1054 atque

339 1071 373 1121 Se
389 1071 473 1137 magis
489 1071 599 1120 inflaret

223 1185 357 1251 Plurimi
376 1185 438 1250 Lb.
460 1185 555 1250 MSS.
579 1184 710 1268 taudem,
734 1186 842 1270 ceteri,
873 1188 957 1251 inter
978 1209 1057 1272 quos
1083 1187 1238 1252 vetustis·

141 1285 239 1350 simus
261 1285 449 1350 Blandinius
472 1308 544 1349 cum
566 1285 731 1368 Tonsano,
753 1307 832 1349 unus
853 1285 990 1349 Bentleii
1013 1286 1141 1350 mendis
1165 1287 1236 1352 nbi·

142 1408 204 1471 que
226 1396 354 1450 scatens
377 1396 408 1450 et
429 1385 621 1469 unusFeae,
643 1398 761 1450 tautum
773 1393 947 1471 praestant.
985 1384 1120 1466 Quaerit
1134 1386 1235 1451 Bent-

140 1483 230 1569 leiuS,
251 1504 401 1571 quorsum
422 1485 554 1567 tandem,
577 1507 674 1570 quum
694 1486 760 1548 iam
780 1486 884 1570 prima
911 1487 983 1550 vice
1011 1507 1092 1550 rana
1118 1509 1156 1551 se
1184 1488 1233 1551 in·

92 1616 95 1622 ⁴
139 1584 279 1669 flaverit,
300 1594 412 1672 postea
432 1586 546 1649 iterum
580 1594 611 1648 et
641 1585 744 1649 tertio
788 1585 882 1650 Certe
915 1584 1037 1650 taudem
1067 1594 1232 1672 postremo

140 1685 283 1768 conatui,
315 1708 379 1749 non
405 1686 507 1772 primo
530 1685 712 1748 convenire.
754 1684 798 1749 At
828 1695 929 1749 mater
959 1685 1142 1768 ranunculi,
1176 1687 1232 1751 ubi

138 1783 335 1870 pullossuos
356 1786 476 1872 repenti
500 1782 588 1848 belua
616 1783 711 1865 elisos
744 1797 814 1848 esse
847 1785 981 1868 audivit,
1013 1807 1078 1850 non
1109 1787 1231 1850 sensim

139 1885 321 1970 sensimque
343 1884 551 1966 exsuscitata,
581 1883 640 1948 sed
661 1884 820 1971 extemplo
842 1884 1048 1949 vehementer
1069 1895 1231 1951 commota

28 2066 31 2071 4
137 1989 254 2048 'vocem
275 1983 399 2048 taudem
419 1983 543 2070 primae
566 1985 671 2047 statim
692 1985 869 2069 quaestioni
884 2007 980 2070 quam
995 1986 1137 2050 maxime
1153 2007 1227 2050 con-

137 2084 303 2147 venienter
325 2084 452 2148 adiecit.
496 2082 640 2168 Exploso
664 2092 768 2147 autem
789 2085 896 2148 ieiuno
917 2084 1074 2149 vocabulo
1096 2099 1226 2170 tamum,

36 2188 37 2192 ’
138 2181 223 2266 quod
252 2192 361 2247 auctor
388 2183 573 2268 ceteroquin
600 2181 641 2246 ad
667 2182 863 2267 subsequens
893 2185 1001 2270 utique
1022 2185 1227 2272 participium

137 2303 199 2345 nec
221 2280 264 2345 ad
284 2306 399 2369 mayoc
420 2281 611 2368 applicabat,
633 2281 748 2346 vocula
768 2285 815 2346 sic
837 2305 947 2347 carere
968 2305 1032 2347 non
1046 2305 1226 2372 possumus,

135 2379 221 2444 unde
242 2403 273 2445 v.
294 2380 315 2444 l.
338 2383 474 2468 arfflans
494 2405 526 2445 se
547 2382 666 2466 pariter
688 2383 827 2467 spuriam
850 2404 920 2446 esse
942 2392 1136 2470 apparatae
1159 2391 1225 2450 tau

136 2493 208 2544 tum.
252 2478 319 2543 Sed
345 2503 425 2544 rana
446 2502 480 2543 se
502 2480 616 2543 inflans
639 2490 759 2545 certam
780 2481 950 2566 quamdam
971 2484 1225 2569 magnitudinem

133 2602 199 2643 non
225 2578 380 2662 habebat,
406 2578 614 2664 quamobrem
638 2602 743 2664 neque
765 2581 962 2668 interrogare
983 2593 1121 2669 poterat,
1148 2608 1225 2650 num

133 2679 263 2743 tandem
304 2678 399 2743 belua
419 2681 481 2742 sic
503 2693 631 2766 'magna
668 2680 789 2744 fuisset.
835 2680 879 2745 At
910 2704 987 2746 vero
1021 2685 1246 2771 participium*

134 2782 286 2864 temporis
307 2779 497 2866 praesentis,
519 2789 553 2842 ut
567 2779 695 2864 saepius
711 2779 788 2844 alibi
805 2779 848 2864 (v.
862 2804 890 2846 c.
903 2780 970 2846 Sat.
985 2781 1012 2864 I,
1027 2781 1056 2866 5,
1071 2783 1149 2868 95.),
1164 2807 1224 2872 pro

134 2879 302 2958 deficiente
323 2880 472 2964 temporis
493 2881 656 2966 praeteriti
676 2879 813 2966 positum
836 2889 891 2944 est.

132 3037 135 3043 .
181 2963 186 2972 ⁶
215 2980 256 3044 V⁴
279 2980 349 3043 318.
367 2979 468 3044 verba
488 2981 590 3043 maior
612 2979 743 3044 demidio
765 2980 867 3044 critici
886 2980 1002 3066 partim
1024 3003 1097 3046 cum
1111 2983 1223 3049 verbis

131 3079 397 3166 praecedentibus
420 3088 625 3162 connectunt,
652 3088 687 3143 ut
707 3079 769 3143 sint
789 3081 944 3166 appositio
966 3079 1008 3144 ad
1028 3083 1075 3145 cic
1096 3107 1221 3171 magna,

130 3179 246 3266 partim
271 3201 330 3265 pro
357 3201 512 3265 responso
538 3179 704 3243 ranunculi
730 3178 859 3243 habent.
902 3180 1012 3258 Priore
1037 3190 1146 3252 tamen
1167 3205 1220 3249 ra·

131 3280 217 3342 tione
244 3300 307 3340 non
332 3288 432 3364 patet,
460 3301 516 3343 cur
542 3301 621 3343 rana
648 3278 767 3364 pullum
795 3277 835 3343 de
860 3281 1078 3366 magnitudine
1104 3281 1222 3349 beluae
1288 3301 1293 3309 '

104 3403 106 3407 ·
132 3378 235 3442 denuo
262 3386 449 3463 percontata
469 3380 509 3442 sit
530 3387 562 3442 et
581 3379 684 3464 magis
705 3378 871 3464 magisque
893 3402 928 3443 se
949 3380 1124 3465 inflaverit,
1146 3392 1222 3469 post

120 3478 268 3564 *primam
289 3476 344 3540 illa
366 3477 495 3561 quidem
515 3477 710 3541 inflationem
731 3500 766 3542 se
781 3478 884 3564 adhuc
898 3480 1053 3544 minorem
1069 3502 1139 3545 esse
1154 3505 1222 3548 non

131 3576 256 3641 edocta.
277 3575 387 3640 Altero
403 3585 506 3640 autem
523 3576 617 3640 modo
628 3577 691 3641 tale
705 3599 891 3663 responsum
905 3580 1071 3644 ranunculi
1085 3582 1219 3669 accipis,

129 3676 215 3762 quod
233 3677 415 3761 'posteriore
440 3699 514 3758 nou,
541 3679 573 3740 si
597 3689 625 3740 tc
645 3680 782 3763 ruperis,
802 3702 870 3764 par
892 3680 954 3743 eris
974 3680 1142 3744 manifesto
1165 3705 1217 3746 re-

128 3775 255 3840 fellitur.
304 3774 403 3860 Atqui
433 3775 595 3861 quoddam
624 3775 703 3862 pulli
729 3799 917 3863 responsum
944 3789 1074 3866 propter
1098 3801 1219 3846 novam

128 3875 235 3939 matris
257 3876 473 3961 quaestionem
494 3876 676 3939 necessario
697 3878 882 3961 requiritur,
904 3900 1007 3964 neque
1029 3879 1062 3942 id
1082 3901 1217 3966 magno·

128 3998 206 4061 pere
229 3974 336 4040 latitat.
374 3975 480 4055 Quum
501 3976 587 4040 enim
607 3974 797 4040 ranunculus
818 3979 919 4041 mucbr
937 3977 1068 4042 dimidio
1082 4001 1217 4066 respun-

128 4074 214 4139 disse
236 4083 384 4160 nequeat,
398 4075 478 4141 nihil
496 4075 630 4161 amplius
650 4084 754 4161 potest
768 4098 864 4161 quam
884 4079 984 4142 maior
999 4079 1217 4164 respondisse.

126 4173 196 4239 Iam
218 4175 294 4242 vero
316 4174 448 4241 drinr'dio
465 4175 560 4241 aava?
584 4176 679 4240 matri
699 4175 814 4240 iterum
832 4178 959 4263 roganti
983 4177 1217 4264 assignandum
