2678 4642
401 248 437 297 m
458 246 648 297 sarmarum
667 249 795 297 nmnnn
815 249 947 297 remon
1176 234 1218 301 29

129 412 293 501 pathicum
313 413 411 479 fuisse
432 436 598 502 ponamus,
620 413 706 500 quid,
728 435 857 499 quaeso,
878 414 1024 502 pathicus
1044 413 1217 503 derepente
1266 412 1267 416 ’

128 514 212 579 inter
238 522 344 579 scorta
369 514 546 592 feminina?
592 513 767 578 Praeterea
788 522 864 599 post
889 512 1035 590 Cerinthi
1057 515 1160 580 femur
1186 524 1218 580 et

129 635 202 677 crus
231 621 446 700 comparatum
474 613 556 677 mira
583 613 665 677 soret
691 611 748 676 illa
775 612 988 699 appendicula
1014 626 1104 699 atqua
1125 617 1218 681 etiam

127 713 239 781 metrias
255 736 410 799 persaepe
436 725 559 800 togatae
581 724 639 793 est,
668 712 785 798 quippe
806 710 867 776 hac
888 714 1130 799 superveniente
1151 737 1217 780 non

128 811 224 876 modo
249 821 395 876 matrona
420 833 492 876 cum
514 811 665 878 Cerintho
692 834 732 876 ac
756 819 879 897 togata,
904 833 1020 876 verum·
1038 814 1134 878 etiam
1155 813 1216 880 Ce-

128 909 251 976 rinthus
270 911 342 976 e'um
356 920 466 997 togata
480 912 641 976 confertur
652 912 744 998 eique
756 911 965 996 anteponitur,
982 920 1016 975 ut
1025 923 1120 998 poeta
1130 936 1215 979 ama-

128 1009 251 1074 toribus
274 1010 356 1075 adeo
371 1009 555 1075 Corinthum
575 1032 654 1097 prae
676 1008 822 1074 omnibus
843 1019 874 1073 et
887 1011 1040 1074 matronis
1055 1021 1086 1076 et
1099 1014 1216 1097 togatis

132 1109 375 1174 commendasse
394 1108 550 1174 videatur.
585 1110 646 1174 His
663 1109 859 1195 argumentis
869 1111 946 1174 moti
956 1107 1027 1197 plus
1044 1111 1109 1176 iam
1121 1128 1217 1200 quam

128 1208 244 1295 viginti
271 1205 389 1299 abhinc
416 1209 509 1274 annis
534 1209 577 1273 ad
598 1207 696 1296 Soph.
718 1207 836 1272 Trach.
860 1209 950 1273 1203.
972 1209 1037 1296 legi
1059 1210 1216 1276 voluimus
1305 1294 1308 1299 ἱ

126 1310 170 1372 eit
190 1309 260 1373 licat
279 1309 345 1391 boc,
371 1307 521 1391 Cerebthe,
544 1322 637 1391 touta,
659 1309 681 1372 i.
698 1329 726 1371 e.
744 1332 816 1394 neap
838 1306 906 1372 dz'as
927 1307 1015 1373 derbe
1029 1307 1119 1374 Sorte
1139 1312 1214 1394 satit,

132 1406 303 1472 demutas.
348 1406 476 1472 Genera
500 1415 612 1471 neutro
632 1415 778 1472 matrona
798 1407 881 1470 inter
900 1408 1011 1472 niveos
1032 1408 1216 1495 viridesque

127 1505 253 1593 lapillos
278 1529 343 1570 non
364 1508 433 1570 sine
455 1514 614 1571 contemtu
635 1504 783 1570 denotata
804 1514 865 1586 cst,
893 1506 975 1570 sicut
995 1507 1074 1572 Eur.
1095 1506 1215 1575 Bacch.

124 1605 199 1670 453.
228 1628 274 1692 sq.
297 1615 376 1693 drrip
389 1614 419 1673 ed
439 1617 494 1690 μὲν
515 1615 585 1690 σῶμ’
602 1620 654 1674 asin
675 1615 804 1697 ἄμορφος
823 1601 863 1685 ed,
885 1621 954 1686 ξένε,
976 1616 1013 1679 cis
1027 1622 1055 1679 Is
1074 1625 1214 1693 γυναῖκας,

126 1719 172 1789 ἔφ’
188 1717 255 1795 ὅπερ
273 1721 301 1776 lc
315 1719 407 1789 Θήβας
421 1719 513 1797 πάρει.
723 1784 725 1790 .

123 1820 158 1872 V.
175 1823 215 1874 90.
232 1837 290 1887 sqq.
635 1836 669 1870 ne
686 1821 800 1886 corporis
817 1821 916 1886 optima
931 1822 1031 1887 Lyncei

326 1903 506 1968 Contemplere
523 1901 614 1965 oculis,
631 1904 759 1968 Hypsaea
774 1903 899 1954 caecior
914 1903 968 1968 illa,

325 1987 400 2048 Quae
415 1985 486 2036 mala
502 1991 569 2050 sunt,
587 1991 696 2052 spectes.
801 2054 805 2063 q

207 2100 262 2166 En
295 2124 393 2166 unum
428 2100 667 2167 scholiastarum
704 2109 916 2166 commentum
951 2101 992 2166 de
1023 2103 1214 2168 innumeris:

122 2201 253 2266 Plautia
280 2202 429 2289 Hypsaea
453 2203 581 2266 vs'tiosos
604 2202 706 2266 oculos
726 2203 870 2266 tabuisse
891 2201 1022 2283 ds'os’tnr,
1051 2225 1144 2287 qaam
1164 2204 1215 2268 tie

124 2322 233 2365 amare
254 2302 290 2366 ia
309 2303 445 2366 transita
463 2303 632 2387 parasset.
674 2301 795 2366 Auctor
821 2299 913 2365 huius
934 2300 1063 2365 fabulae
1083 2324 1124 2366 ne
1145 2302 1213 2368 Ho-

123 2401 242 2466 ratium
270 2400 399 2487 quidem
427 2409 515 2466 recte
541 2399 705 2465 intellexit.
748 2400 904 2487 Hypsaea
930 2400 1053 2464 scilicet
1078 2423 1142 2466 non
1163 2423 1213 2466 so·

122 2499 190 2565 lum
212 2522 319 2569 caeca¹
333 2499 435 2585 dicta,
459 2521 571 2565 verum
593 2501 690 2565 etiam
709 2500 842 2586 Lynceo
865 2500 1011 2586 opposita
1030 2501 1213 2566 necessario

123 2599 226 2664 oculis
248 2609 341 2686 capta
362 2607 444 2683 erat,
466 2621 527 2663 nec
548 2599 729 2664 infirmitate
751 2599 912 2664 oculorum
934 2599 1111 2664 laborabat.
1145 2598 1212 2665 cfr.
1296 2600 1298 2607 ’

122 2696 377 2780 ΜάηίαΙΝΙΠ,
399 2698 428 2763 9.
465 2696 588 2764 Solvere
610 2698 792 2764 dodrantem
812 2723 910 2785 anper
931 2699 997 2781 tibi,
1023 2697 1141 2781 Quinte,
1162 2722 1213 2764 oo-

122 2799 205 2864 labat
225 2798 328 2884 lippus
343 2799 453 2884 Hydas,
475 2796 580 2861 luscus
602 2799 665 2862 oalt
686 2798 763 2863 dare
784 2798 958 2863 deicidium.
990 2797 1107 2885 Accipe
1121 2823 1214 2884 quam

117 2899 274 2986 prelatum,
303 2898 404 2962 trau
431 2899 619 2962 aet·oacass‘o
640 2898 735 2980 laem',
763 2899 796 2962 si
804 2899 911 2984 faerit
932 2918 1064 2981 caecus,
1090 2899 1138 2963 nil
1156 2898 1217 2964 ati

122 2999 219 3062 aava
239 2997 349 3085 Hya..

70 3156 78 3170 .
121 3114 155 3166 V.
174 3116 229 3166 101.
247 3129 286 3180 sq.
319 3111 428 3162 Altera
443 3111 488 3161 nil
505 3112 624 3190 obstat:
641 3112 704 3164 Cois
720 3112 769 3163 tibi
785 3127 870 3178 paene
885 3112 973 3163 videre
989 3117 1029 3164 est

221 3266 224 3272 1
320 3195 359 3245 Ut
374 3195 472 3245 nudam
488 3223 522 3233 -

206 3278 382 3381 Perperam
395 3293 571 3360 Lambinus
594 3292 822 3381 conglutinavit
841 3295 940 3359 altera
960 3295 1007 3360 ml
1023 3297 1122 3361 obstat
1140 3296 1213 3363 Oosb

123 3395 190 3477 tabi,
212 3393 300 3458 velut
320 3395 348 3458 si
368 3403 511 3459 matrona
531 3395 607 3461 Cois
628 3393 739 3480 obstet.
775 3394 846 3458 Nec
866 3403 974 3459 tamen
993 3394 1103 3483 probo,
1125 3397 1212 3482 quod

122 3503 195 3581 post
208 3492 431 3559 Heindorfium
450 3493 558 3581 plures
573 3518 626 3560 vv.
643 3493 697 3558 dd.
712 3493 891 3578 intulerunt,
913 3495 1020 3576 altera,
1042 3497 1091 3561 ait
1102 3497 1210 3580 obstat,

122 3617 200 3660 nam
221 3594 281 3657 etsi
301 3594 513 3659 nominativus
535 3593 589 3659 ille
611 3593 728 3658 solutus
740 3593 829 3679 apud
842 3603 987 3658 auctores
1001 3594 1134 3659 Latinos
1148 3618 1213 3663 non

123 3715 213 3758 rarus
236 3701 293 3776 est,
313 3702 419 3759 tamen
441 3692 623 3780 exemplum
642 3694 737 3758 trium
757 3692 985 3778 vocabulorum
1005 3695 1145 3759 nondum
1167 3695 1211 3761 al·

123 3792 222 3857 latum
243 3792 350 3865 video.
394 3793 573 3859 Coniuncta
599 3801 704 3858 autem
729 3792 831 3858 verba
851 3794 951 3858 altera
969 3794 1018 3858 aa?
1037 3795 1136 3858 obstat
1156 3786 1211 3883 op'-

123 3892 198 3957 time
224 3890 359 3976 habent,
388 3893 546 3979 siquidem
570 3894 661 3979 ipsae
680 3915 837 3980 personae
857 3915 916 3978 pro
938 3888 1003 3957 suis
1024 3894 1120 3958 rebus
1141 3904 1210 3959 sae'-

123 3992 195 4078 pius
220 4001 394 4080 ponuntur.
437 3992 591 4078 Legimus
620 3993 702 4058 adeo
724 3992 790 4057 Sat.
813 3992 846 4075 I,
874 3992 909 4074 5,
939 3992 988 4056 tl.
1011 4015 1058 4080 sq.
1087 3992 1213 4059 sedatas

124 4091 542 4179 hospespaene--arsit
583 4091 751 4159 Contraria
772 4091 910 4156 dictione
931 4092 1008 4156 viris
1030 4092 1131 4157 doctis
1151 4093 1210 4158 mi·

125 4210 183 4256 nus
210 4201 298 4272 recte
325 4200 473 4280 suspecta
500 4214 575 4257 usus
603 4200 651 4258 est
676 4192 829 4258 Horatius
858 4190 966 4258 Carm.
993 4191 1027 4277 I,
1054 4193 1105 4258 20.
1130 4201 1210 4284 extr.
