2678 4642
299 278 302 284 Ι
394 215 430 264 m
451 213 641 264 sarmarum
661 215 791 264 amaru
810 213 943 264 ramur
1172 199 1214 264 49

122 377 324 447 Heliodorus<
339 381 467 447 natione
486 379 632 446 Graecus
654 387 748 463 esset,
769 378 899 444 laudem
919 379 1023 446 videri
1043 380 1212 448 ridiculam

124 487 182 544 aut
202 478 324 544 nullam
345 490 399 546 aut
418 482 644 568 perexiguam,
671 480 700 543 si
719 478 850 564 linguae
872 478 1018 545 Graecae
1039 482 1214 546 maximam

123 579 291 644 seientiam
312 579 433 644 habere
462 579 636 663 diceretur,
663 579 847 664 neutiquam
874 578 966 643 nobis
992 580 1104 649 mirari
1128 579 1213 666 licet,

123 677 211 763 quod
232 688 358 744 veteres
379 680 582 764 grammatici
603 678 717 742 eadem
740 677 888 764 opinione
902 677 1025 743 inducti
1044 679 1132 767 loape
1152 701 1211 767 pro

122 776 248 865 baguae
268 778 493 843 infarciebant.
537 777 689 842 Horatius
712 784 818 841 autem
845 775 1074 862 linguaesuae
1103 780 1211 865 cogni·

122 875 244 940 tionem
263 899 332 941 rem
356 876 443 942 haud
470 877 515 942 ita
539 875 645 940 levem
672 874 839 958 censebat,
867 884 901 939 ut
928 875 1211 963 eprist.11,2,

124 973 196 1040 109.
220 996 288 1062 sqq.
315 975 359 1060 H,
381 976 411 1058 3,
432 975 483 1040 45.
506 996 576 1060 sqq.
600 983 632 1039 et
657 974 787 1040 aliunde
814 975 1013 1061 perspicitur.
1054 975 1124 1040 Imo
1153 975 1210 1040 lin·

122 1096 221 1159 guam
241 1074 325 1139 inter
344 1076 618 1162 praestantissima
644 1074 730 1140 bona
755 1073 862 1138 retulit
880 1073 1033 1161 Epist.
1006 1074 1024 1138 Ι
1053 1074 1084 1158 4,
1106 1075 1136 1140 8.
1160 1097 1209 1162 sq.

125 1171 212 1250 Quid
238 1187 345 1238 voveat
374 1173 462 1238 dalet
486 1173 643 1238 nutricula
670 1174 773 1238 maius
800 1173 938 1254 alumne,
965 1175 1024 1258 qai
1047 1199 1156 1261 sapere
1184 1188 1213 1240 et

113 1272 198 1358 fari
207 1274 313 1359 possit
333 1297 412 1357 quoe
432 1274 544 1337 sentiat
566 1273 675 1341 „i
714 1271 826 1357 Itaque
855 1272 978 1358 itaquae
1007 1272 1211 1357 doctissimus,

121 1369 143 1435 i.
160 1391 189 1434 c.
207 1381 375 1456 Ιομιόταιος,
392 1371 471 1436 mihi
491 1394 555 1436 non
574 1374 678 1437 minus
692 1371 845 1458 probatur
860 1393 955 1458 quam
975 1370 1052 1435 illud
1067 1372 1106 1437 de
1120 1371 1210 1438 Mae·

123 1477 237 1533 cenato
267 1469 386 1533 dictum
415 1469 521 1536 Oarm.
549 1470 610 1554 ΙΠ,
639 1471 668 1572 8,
690 1470 721 1535 5.
755 1471 842 1535 docte
872 1494 1026 1535 sermones
1053 1485 1087 1539 at
1087 1472 1212 1557 ruboque

120 1567 329 1654 linquaeff
299 1568 380 1632 Item
408 1568 453 1634 M
476 1520 655 1634 Terentius
665 1569 769 1635 Varro
792 1593 813 1635 a
836 1568 935 1650 Quint
923 1569 1031 1634 tiliano
1053 1570 1130 1635 Inst
1154 1570 1211 1637 Or

116 1664 276 1750 .Χ,195.
299 1668 508 1752 peritissimus
529 1668 660 1754 linguae
675 1668 810 1733 Latinae
832 1667 981 1755 perhibet
982 1691 1028 1733 ur.
1063 1669 1122 1734 (let
1110 1679 1212 1735 terum

122 1766 285 1850 genitivus
306 1768 444 1854 linquae,
471 1791 530 1855 pro
553 1789 615 1854 quo
638 1768 796 1855 quispiam
822 1763 1051 1833 accusativum
1071 1778 1211 1856 expetat,

121 1866 245 1950 pariter
265 1866 384 1953 probus
408 1876 571 1952 astatque
593 1865 727 1935 aliorum
753 1866 925 1932 verborum
953 1869 1144 1933 constructio
1168 1869 1210 1935 ab

123 1963 257 2030 Horatio
279 1966 412 2031 variata.

122 2096 154 2148 V.
171 2097 195 2149 3.
212 2113 251 2164 sq.
739 2097 804 2148 Inde
820 2099 919 2149 Forum
935 2097 1013 2164 Appi,

320 2179 457 2230 Differtum
473 2181 568 2244 nautis,
585 2181 748 2246 cauponibus
766 2185 844 2246 atque
860 2181 1017 2248 malignis.

204 2295 357 2382 Molian‘s
377 2316 441 2359 non
469 2294 570 2360 solum
595 2296 637 2360 ad
665 2296 873 2382 cauponibus,
902 2318 1016 2360 verum
1043 2297 1140 2361 etiam
1167 2297 1210 2363 ad

123 2394 228 2459 acutis
248 2402 379 2479 spectat.
416 2394 481 2460 cfr.
498 2395 564 2460 Sat.
587 2395 613 2479 I,
636 2395 664 2479 6,
687 2395 737 2459 84.
759 2395 810 2459 88.
832 2395 920 2479 11,2,
937 2396 1007 2460 109.
1029 2396 1121 2480 H,3,
1138 2398 1209 2463 184.

122 2493 166 2578 H,
187 2493 217 2576 4,
239 2493 290 2559 85.
311 2493 355 2577 Π,
378 2494 407 2576 6,
434 2494 504 2558 116.
533 2515 597 2579 sq..
639 2493 768 2558 Scilicet
799 2495 954 2581 malignas
984 2518 1042 2561 suo
1074 2498 1209 2583 quisque

123 2615 244 2678 genere
265 2594 403 2680 parcior,
426 2603 536 2658 contra
557 2594 703 2681 benr‘pous
726 2614 783 2658 suo
805 2594 939 2680 quisquc
954 2616 1075 2679 genere
1090 2595 1210 2682 largior

124 2701 181 2757 est.
213 2692 320 2758 Nauta
341 2693 438 2778 igitur
457 2693 616 2778 malignus
639 2701 686 2757 eat
701 2694 803 2780 piger,
828 2695 910 2757 sicut
928 2693 1036 2758 Oarrn.
1050 2693 1077 2777 I,
1093 2695 1143 2778 28,
1157 2696 1208 2760 23.

123 2813 192 2879 sqq.
234 2793 278 2856 Ar
299 2806 340 2873 tu,
360 2806 466 2874 nauto,
487 2817 584 2880 copae
604 2816 642 2857 ae
659 2816 756 2878 parce
776 2793 931 2880 malipoao
952 2817 1064 2858 arenae
1086 2796 1207 2859 ossibus

123 2905 151 2956 et
172 2893 273 2977 copiti
289 2893 445 2956 inhumato
460 2893 652 2978 particulam
674 2892 759 2956 dare.
796 2890 849 2956 De
864 2913 929 2976 qua
941 2893 1072 2978 pigritia
1086 2893 1210 2959 videsis

123 2989 217 3055 Mart.
238 2990 300 3074 HI,
321 2991 372 3056 25.

122 3139 152 3192 V.
170 3141 194 3192 5.
212 3155 250 3207 sq.
320 3140 380 3190 Hoc
395 3139 445 3190 iter
460 3140 550 3206 ignavi
567 3139 708 3202 divisimus,
725 3138 803 3190 altius
820 3155 852 3190 ac
868 3154 916 3190 nos

317 3222 476 3274 Praecinctis
492 3238 584 3273 unum:
601 3223 701 3272 minus
719 3227 759 3272 est
775 3222 862 3289 gravis
878 3221 964 3288 Appia
979 3221 1069 3273 tardis.

203 3353 302 3418 Recte
323 3355 393 3420 Fea
413 3354 545 3419 alteram
567 3353 648 3420 Cdd.
670 3353 841 3419 lectionem
860 3354 953 3419 nemis
973 3352 1125 3440 vulgatae
1151 3355 1207 3420 mi·

121 3475 181 3518 rrae
200 3455 389 3539 anteposuit.
433 3454 507 3537 Cur,
530 3455 674 3538 obsecre,
696 3455 767 3541 ipsa
786 3454 842 3520 via
854 3453 963 3540 Appia
983 3454 1082 3518 tardis
1102 3454 1208 3521 minus

123 3553 373 3638 gravisfuerit?
415 3553 529 3618 Nonne
550 3554 670 3618 tardius
691 3551 914 3618 incedentibus
943 3552 1104 3638 quaelibet
1131 3575 1207 3640 quo-

123 3673 185 3738 que
207 3651 271 3717 alia
290 3652 346 3718 via
365 3653 467 3717 minus
489 3653 599 3739 gravis
622 3653 692 3717 est?
734 3651 800 3718 Cur
819 3673 915 3739 porro
947 3650 1032 3716 tardi
1057 3653 1207 3737 viatores,

122 3753 150 3819 si
171 3751 211 3816 iis
233 3752 289 3816 via
309 3752 418 3838 Appia
438 3753 541 3816 minus
557 3754 642 3816 es'set
655 3744 777 3838 gravis,
798 3753 859 3816 iter
873 3751 1063 3815 diviserint?
1092 3752 1206 3817 Nonne

123 3858 266 3915 strenuos
286 3853 389 3938 potius
411 3851 445 3915 id
467 3851 617 3924 dirimere
639 3851 812 3938 oportebat,
835 3871 913 3936 quos
934 3850 990 3914 via
1010 3849 1119 3937 Appia
1138 3874 1205 3916 ma·

122 3951 173 4036 gis
195 3950 370 4037 gravaret?
412 3949 513 4015 Tardi
533 3972 611 4015 vero
633 3952 771 4016 viatores
792 3951 853 4015 iter
875 3947 1050 4013 diviserrmt
1071 3971 1207 4036 eamque

123 4050 313 4115 divisionem
334 4050 440 4137 utique
461 4049 694 4137 praetulerunt,
716 4070 780 4114 non
801 4048 1018 4134 quodminus,
1040 4048 1098 4112 sed
1120 4049 1207 4135 quod

120 4151 213 4216 nimir
233 4150 343 4237 gravis
365 4150 447 4237 ipsis
464 4150 519 4216 via
536 4149 645 4237 Appia
666 4157 743 4216 erat.
775 4147 873 4235 Atqui
893 4148 1014 4234 passim
1034 4149 1206 4235 quaeritur,

991 4250 1008 4298 4
