2678 4642
153 213 196 278 90
578 229 813 279 commorarer

154 395 226 460 245.
250 394 409 460 Omissum
428 396 501 483 fuit
524 393 639 460 fluetus
661 395 812 460 excitavit
838 396 870 460 in
898 395 1032 483 simpulo
1061 394 1167 461 Carm.
1194 395 1240 479 H,

157 497 204 579 13,
219 497 249 560 2.
271 497 452 582 quicumque
464 497 614 581 minum,
636 495 657 558 i.
674 517 702 559 e.
725 498 905 582 quicumque
926 510 1034 561 auctor
1046 499 1127 583 fuit,
1151 495 1238 581 quod

154 617 219 658 non
240 603 359 659 tantum
381 594 424 659 ad
440 595 561 681 posuit,
584 594 642 658 sed
663 595 760 659 etiam
780 595 822 660 ad
828 597 987 682 produxit
1004 596 1118 660 referri
1133 595 1239 677 debet,

154 703 189 758 ut
209 695 364 758 sententia
384 692 465 759 haee
487 695 540 758 sit:
561 694 620 776 tlte,
643 696 822 780 quicumque
843 709 952 760 auctor
963 697 1044 782 fuit,
1067 709 1095 760 et
1116 697 1240 781 aq‘asto

155 793 206 882 dte
226 807 255 858 te
271 795 378 881 posuit
398 806 426 858 et
446 794 600 881 sacrileqa
620 818 714 858 mauu
725 794 893 880 produxit.

236 893 277 958 V.
300 894 330 958 6.
353 892 448 977 vulgo
471 894 648 957 exhortatus
662 892 789 978 legitur,
811 902 1048 981 praeterquam
1069 892 1240 958 lectionem

153 991 249 1056 MSS.
270 992 367 1057 etiam
384 1005 542 1056 exortatus
562 1000 592 1056 et
612 1005 758 1057 exoratus
779 1002 950 1080 praestant
984 992 1164 1057 Glareanus
1187 1015 1234 1056 se·

154 1091 293 1156 cundum
308 1091 382 1155 Ter.
397 1092 514 1156 Heaut.
534 1091 575 1174 V,
597 1093 625 1175 1,
646 1091 695 1156 17.
710 1092 858 1175 apostulus
879 1093 1027 1176 coniecit,
1047 1094 1134 1179 quod
1152 1092 1240 1158 idem

155 1191 226 1256 aliis
249 1192 366 1255 criticis
396 1190 567 1257 arridebat.
609 1191 782 1256 Horkelius
805 1191 888 1257 anal.
910 1193 990 1256 Hor.
1012 1215 1042 1278 p.
1067 1192 1137 1256 115.
1167 1214 1239 1277 sqq.

154 1289 308 1374 aquaricias
322 1291 496 1376 genuinum
509 1290 607 1357 duxit.
639 1290 740 1367 Nobis
754 1291 841 1355 nulla
857 1294 1053 1356 correctione
1068 1314 1146 1379 opus
1163 1313 1237 1356 esse

154 1391 293 1474 videtur,
321 1390 471 1476 quoniam
492 1403 521 1457 et
540 1391 617 1459 lorch
648 1403 677 1454 et
700 1392 838 1477 fuar'hus
867 1391 941 1455 udis
972 1405 1117 1456 eucratas
1142 1391 1239 1478 plane

154 1491 364 1556 Horatianum
390 1497 450 1573 est,
477 1489 523 1555 uti
549 1488 592 1557 ad
619 1487 686 1553 Sat.
708 1489 734 1573 I,
757 1490 785 1574 3,
807 1490 857 1554 25.
886 1489 1104 1577 probavimus.
1155 1491 1240 1555 Nam

155 1591 210 1677 qui
221 1613 357 1676 puerum
378 1612 508 1657 exorare
528 1589 562 1652 in
583 1589 770 1674 magistrum
792 1589 908 1654 cadere
929 1598 1059 1677 negant,
1081 1591 1240 1654 nonsatis

154 1691 302 1755 videntur
324 1688 511 1774 attendisse,
535 1687 703 1753 Horatium
727 1711 791 1753 non
817 1713 949 1774 puerum
978 1702 1153 1772 exoratum,
1183 1689 1242 1753 sed

150 1815 284 1877 puerum
314 1802 343 1854 et
372 1790 450 1853 loris
489 1801 518 1854 et
540 1789 678 1876 sumebas
708 1789 782 1853 udis
816 1803 977 1854 exoratum
1009 1789 1143 1872 dixisse3
1174 1798 1242 1853 tum

154 1891 269 1955 nullius
291 1889 437 1974 oxymori
457 1897 564 1976 partes
585 1886 727 1973 singulas
754 1891 892 1974 spectari
919 1911 1029 1976 posse,
1056 1889 1118 1952 nisi
1143 1898 1243 1956 totum

156 2011 332 2076 oxymoron
352 1988 463 2054 tollere
484 1987 581 2070 velis,
608 1989 724 2073 quippe
746 1988 832 2074 quod
852 1990 979 2052 nonnisi
1001 2010 1044 2052 ex
1063 1989 1135 2074 ipsa
1163 2009 1240 2052 con-

155 2091 315 2155 iunctione
348 2088 481 2155 duorum
512 2089 795 2174 contrapositorum
828 2096 959 2153 constet.
1008 2088 1078 2152 Nec
1110 2087 1244 2150 multum

156 2189 250 2255 nobis
272 2187 499 2274 ambigendum
525 2186 666 2270 videtur,
692 2196 797 2251 utrum
822 2201 967 2252 exoratus
993 2209 1036 2251 an
1063 2189 1244 2252 exhortatus

156 2290 379 2370 anteferamus,
406 2288 482 2372 quia
503 2288 716 2374 contraposita
738 2301 767 2351 et
787 2288 864 2351 lorus
885 2301 914 2351 et
925 2288 1064 2374 fuaihus
1084 2287 1157 2351 udz's
1177 2308 1244 2349 non

155 2390 342 2470 exhortatus,
365 2386 424 2451 sed
444 2399 590 2454 exoratus
609 2387 795 2474 reposcitur.

155 2507 187 2560 V.
204 2507 244 2558 31.
262 2520 318 2571 sqq.
552 2501 587 2553 Ar
602 2517 686 2552 sermo
704 2502 796 2569 lingua
813 2503 955 2553 concinnus
971 2506 1083 2569 utraque

354 2585 472 2648 Suavior,
488 2587 518 2635 ut
535 2585 599 2637 ehio
617 2590 680 2634 nota
697 2586 720 2635 si
736 2585 875 2636 commixta
891 2584 998 2635 Falerni
1016 2591 1062 2635 est.

354 2671 456 2730 Quum
471 2683 586 2718 versus
603 2668 718 2718 faciae:
736 2669 863 2732 teipsum
879 2673 1023 2732 percontor,
1041 2684 1076 2718 an
1093 2671 1120 2718 et
1136 2682 1217 2735 qaum

353 2745 427 2802 Duru
443 2751 492 2801 tibi
507 2751 657 2817 peragenda
672 2751 710 2800 rei
727 2752 761 2800 sit
777 2766 857 2801 causa
872 2750 976 2800 Petilli?

354 2834 458 2886 Scilicet
474 2834 595 2884 oblitus
612 2833 763 2899 patriaeque
781 2834 921 2899 patrisque,
938 2835 1055 2884 Latine

355 2919 442 2980 Quum
457 2917 553 2967 Pedius
571 2932 665 2967 causas
682 2918 798 2979 exsudet,
814 2916 950 2981 Poplicola
968 2921 1046 2983 atque

355 3001 491 3063 Corvinus,
506 3001 597 3066 patriis
613 3001 785 3050 intermiscere
801 3001 882 3065 petita

206 3143 208 3149 ,
355 3085 442 3136 Verba
458 3085 521 3134 forie
537 3084 622 3146 malis,
639 3084 765 3133 Canusini
781 3098 852 3133 more
868 3083 1009 3149 bilinguis?

240 3184 302 3250 Lb.
323 3183 420 3248 MSS.
442 3183 491 3248 his
512 3184 546 3247 in
568 3182 676 3248 verbis
690 3182 768 3246 nihil
781 3182 1012 3270 propemodum
1025 3180 1161 3265 variant,
1182 3182 1245 3246 nisi

160 3285 247 3370 quod
266 3285 301 3348 in
321 3283 480 3371 plerisque
502 3307 533 3348 v.
548 3282 599 3348 35.
621 3283 734 3348 Latiui
752 3290 863 3346 exstat.
897 3282 999 3346 Tanto
1014 3281 1117 3346 maior
1139 3290 1246 3346 autem

161 3385 341 3448 criticorum
364 3383 519 3447 dissensio
541 3382 581 3446 de
594 3390 658 3446 toto
673 3381 744 3447 loco
759 3390 791 3446 et
805 3381 981 3447 ordinando
998 3389 1029 3445 et
1043 3381 1245 3467 exponendo.

161 3484 217 3548 Sic
231 3485 309 3567 Fea,
330 3492 497 3569 postquam
510 3481 686 3546 Lambinus
705 3504 816 3547 versus
837 3481 960 3545 33-38
981 3481 1015 3544 in
1035 3503 1132 3544 unam
1151 3480 1246 3546 rede-

160 3585 208 3670 git
231 3584 520 3668 interrogationem,
547 3581 693 3646 eamdem
718 3581 890 3664 constituit,
912 3589 1137 3667 praeterquam
1161 3579 1247 3666 quod

160 3683 262 3748 rerba
282 3708 376 3770 quum
394 3706 501 3746 uersus
512 3683 627 3768 facias
645 3681 828 3746 adversario
843 3681 970 3745 Horatii
991 3680 1140 3764 attribuit,
1163 3701 1247 3766 quae

162 3784 292 3870 quidem
312 3783 412 3871 ipsius
433 3791 505 3846 sunt
530 3790 659 3869 poetae,
685 3802 790 3868 neque
816 3789 923 3845 tamen
949 3782 1091 3866 rogantis
1117 3789 1185 3863 aut,
1213 3788 1249 3842 ut

162 3883 300 3949 Orellius
322 3881 525 3970 opinabatur,
548 3881 771 3964 concedentis,
793 3881 852 3945 sed
873 3881 1047 3945 orationem
1069 3879 1248 3944 adversarii

161 3983 365 4071 pertenentis.
397 3982 533 4070 Insuper
553 3980 727 4046 Lambinus
750 4003 792 4045 ex
813 3980 935 4047 duobus
957 3979 1038 4045 Odd.
1060 3979 1174 4044 Latiae
1195 4001 1246 4042 re-

162 4106 285 4171 ponens
307 4085 347 4148 de
367 4082 430 4148 hac
450 4082 586 4148 lectione
607 4082 734 4146 sincera
748 4079 962 4145 dubitaturum
981 4079 1114 4166 politum
1134 4078 1249 4143 litteris

161 4183 374 4252 arbitrabatur
387 4183 557 4248 neminem.
580 4179 699 4248 Contra
709 4180 873 4248 Bentleius
885 4179 1140 4247 emendationem
1149 4178 1248 4244 Lam·
