2678 4642
364 235 399 283 m
421 232 611 282 sermonum
631 232 760 281 imnum
780 232 913 281 ramum
1143 215 1183 279 81

91 403 124 456 V.
142 403 182 455 to.
200 417 239 468 aq.
444 399 548 449 Dubius
565 413 630 462 aum,
647 399 722 465 quid
738 398 843 462 faciam,
861 398 954 465 inquit,

164 493 166 496 ’
291 481 364 533 Tene
380 481 526 547 relinquam
542 497 578 532 an
593 497 655 533 rem.

174 597 350 663 Nonnullae
377 595 515 662 Orellius
547 598 592 663 ait
623 596 725 663 verba
756 609 822 662 teme
853 597 1026 683 relinquam
1053 622 1094 663 aa
1119 621 1184 664 rem

92 720 150 786 pro
172 699 421 784 interrogatione
443 697 567 762 duecte
586 695 722 779 habere,
744 697 834 783 quia,
855 704 889 760 ut
910 697 1091 783 opinentur,
1112 706 1185 784 post

93 797 172 885 quid
186 799 314 884 saetam
341 797 524 861 necessario
552 796 736 883 ponendum
755 796 868 861 fuisset
887 809 990 860 atram
1010 849 1110 861 ...-
1132 822 1183 863 aa.

92 897 255 984 Equidem
279 897 356 961 novi
384 905 561 979 auctorem,
588 897 643 984 qui
667 909 772 960 atram
798 916 856 981 pro
884 895 962 982 qaid
982 896 1186 963 desiderabat

93 1019 134 1062 ac
161 1002 331 1084 propterea
355 1003 472 1083 puncto
498 1004 572 1083 post
595 996 697 1082 mquit
722 993 874 1060 collocato
897 996 1115 1080 quaestionem
1137 996 1183 1062 di·

92 1105 214 1161 rectam
236 1094 469 1176 conformabat3
492 1095 550 1160 sed
572 1116 636 1180 qua
657 1094 728 1180 quis
750 1093 790 1158 de
812 1117 911 1159 causa
931 1108 1126 1159 atram-
1144 1121 1186 1163 aa

93 1197 256 1282 requirere
278 1195 428 1282 potuerit,
458 1194 493 1259 id
513 1194 599 1259 haud
620 1193 715 1259 facile
736 1195 906 1282 percipias.
948 1195 1019 1259 Neo
1039 1218 1116 1260 vero
1139 1197 1185 1261 di·

93 1303 183 1360 recta
208 1294 272 1358 ista
296 1294 546 1380 interrogatione
574 1293 653 1380 qaid
677 1292 774 1357 aliam
790 1295 911 1380 accipit
930 1294 999 1358 vim
1020 1316 1116 1380 quam
1136 1297 1184 1361 in·

96 1394 229 1477 directa,
252 1394 370 1479 quippe
393 1394 575 1458 etiamnunc
597 1392 712 1458 adres
734 1401 857 1480 spectat
877 1393 965 1477 duas,
987 1396 1186 1481 quiquidem

17 1557 20 1562 .
93 1493 288 1581 pronominis
314 1494 385 1578 qais
412 1515 487 1558 usus
512 1514 574 1557 nec
599 1492 641 1557 ab
669 1492 805 1557 Horatio
832 1515 936 1579 neque
963 1494 1004 1559 ab
1031 1494 1095 1559 ullo
1122 1494 1185 1561 alio

93 1601 225 1660 auctore
251 1591 347 1679 plano
376 1591 498 1656 alienus
527 1599 583 1656 cst.
626 1591 692 1657 cfr.
716 1592 782 1656 Sat.
805 1592 855 1675 11,
878 1593 913 1676 6,
937 1593 1187 1679 requieseat

94 1694 264 1775 amicitiae,
296 1716 372 1756 usas
391 1705 546 1756 raotamae
577 1691 681 1756 trabat
705 1715 770 1756 aas.
813 1690 917 1779 Epist.
944 1692 977 1775 Ι,
1003 1693 1039 1777 4,
1060 1695 1090 1757 2.
1114 1717 1183 1781 sqq.

97 1792 182 1870 Quid
206 1816 287 1856 mama
312 1804 341 1855 te
370 1790 472 1855 dicam
497 1794 611 1878 facere
638 1791 673 1854 ia
698 1793 823 1877 repioae
847 1790 998 1856 Pedana?
1043 1792 1185 1860 Scribere

93 1891 179 1979 qaod
202 1891 296 1957 Cassi
310 1891 491 1955 Parmensis
512 1889 659 1976 opuscula
676 1882 790 1973 'vincat
812 1914 853 1954 aa
873 1893 1000 1956 tacitam
1021 1893 1117 1957 siloas
1138 1896 1185 1958 aia·

94 2005 141 2055 ter
160 2004 283 2078 reptare
304 1990 451 2073 salubres,
477 2002 634 2056 carantam
655 1988 808 2075 quidquid
828 1988 954 2077 diguam
974 1993 1112 2077 sapienta
1133 1993 1183 2058 do·

94 2114 191 2176 acque
219 2090 286 2155 est?
320 2089 371 2172 H,
399 2091 434 2172 1,
460 2088 511 2153 41.
534 2111 581 2176 sq.
603 2090 685 2153 amtor
705 2112 781 2175 quos
802 2088 985 2175 referendus
1006 2093 1080 2175 erit,
1108 2105 1184 2158 oete·

93 2214 182 2255 rasae
205 2202 315 2276 poetas
342 2213 383 2253 aa
410 2213 486 2276 quos
514 2200 542 2252 at
564 2211 715 2274 praesens
738 2201 768 2252 et
784 2202 912 2274 postera
931 2203 1058 2275 respuat
1078 2192 1186 2256 aetas?

96 2288 158 2354 Ov.
179 2289 256 2354 Met.
277 2288 338 2373 ΙΠ,
359 2288 431 2353 465.
472 2287 557 2366 Quid
567 2290 703 2374 faciam,
724 2311 816 2375 saper
837 2311 916 2353 auae
935 2290 1060 2376 rapam?
1091 2291 1183 2358 Pont.

94 2387 127 2473 I,
150 2389 184 2472 3,
208 2389 257 2452 71.
280 2410 327 2474 sq.
352 2387 460 2473 (Caes.
482 2388 520 2451 B.
544 2386 584 2452 (i.
607 2387 647 2471 V,
672 2387 723 2451 44.
746 2387 824 2452 Tac.
846 2387 931 2452 Ann.
954 2388 980 2472 Ι,
1001 2388 1068 2474 47.)
1110 2391 1185 2458 Pae

94 2512 148 2552 sats
168 2488 327 2553 Am'stides
342 2490 453 2576 patria
473 2487 709 2552 Lacedaemona
720 2488 826 2574 sapit,
848 2488 929 2552 iata
949 2512 1027 2574 qaas
1048 2489 1183 2575 dubriam,

95 2611 172 2673 qaae
184 2589 281 2673 prior
302 2601 393 2672 esset,
422 2600 497 2652 erat.
542 2587 610 2653 Oic.
633 2587 725 2652 Fam.
748 2587 812 2670 VI,
835 2587 865 2651 8.
903 2587 936 2651 A
955 2611 1003 2652 me
1024 2591 1185 2656 consiliam

87 2689 182 2773 petis,
204 2687 284 2774 quid
302 2689 362 2753 tibi
379 2690 438 2752 sim
459 2700 576 2770 auctor,
597 2688 633 2751 ia
653 2686 802 2753 Siciliaaa
823 2686 969 2752 subsidas
988 2713 1030 2754 aa
1050 2689 1096 2755 ad
1113 2692 1185 2758 rali-

73 2794 74 2797 ’
94 2787 187 2871 quiae
206 2787 366 2852 Asiaticae
390 2788 608 2874 negotiationis
621 2787 837 2873 prqiciseare.

94 2918 126 2971 V.
144 2919 184 2971 43.
202 2934 241 2984 sq.
618 2917 759 2967 Maecenas
776 2918 905 2983 quomodo
922 2919 1023 2968 tecum?

127 3001 198 3051 Hinc
213 2999 313 3065 repetit.
346 2998 523 3050 Paucorum
538 2999 697 3049 hominum
713 3004 745 3050 et
761 2999 875 3049 mentis
891 3000 971 3050 bene
988 3016 1096 3053 sanae.

129 3082 211 3132 Nemo
229 3081 358 3132 dexterius
374 3081 480 3132 fortuna
495 3085 535 3131 est
551 3097 623 3132 usus.

176 3179 332 3264 Bolanus,
354 3180 410 3267 qui
429 3178 490 3245 hoc
511 3187 631 3246 tantum
653 3178 799 3264 consilio,
821 3189 855 3245 ut
874 3180 1056 3247 Maecenati
1076 3184 1184 3249 trade·

96 3288 197 3363 retur,
224 3278 398 3344 ambulanti
417 3280 551 3345 Horatio
574 3288 764 3363 occurrerat,
792 3280 849 3345 sed
870 3283 1043 3369 praeconio
1065 3284 1115 3348 sui
1135 3285 1183 3348 in-

95 3381 185 3466 genii
205 3380 301 3444 finem
321 3388 499 3468 spectatum
518 3389 613 3467 poeta
633 3379 852 3466 interpellante
875 3380 920 3465 (v.
937 3375 1002 3466 26.)
1023 3404 1088 3448 non
1110 3405 1183 3448 con-

95 3482 221 3566 tigerat,
242 3480 306 3544 iam
326 3489 464 3551 mentem
485 3499 575 3544 suam
597 3478 713 3544 clarius
735 3481 846 3568 aperit.
882 3481 1032 3547 Attamen
1052 3506 1094 3548 ne
1115 3506 1185 3549 rem

96 3601 222 3645 omnem
244 3579 395 3663 effundat,
416 3577 492 3644 hinc
511 3580 635 3667 repetit,
656 3579 812 3667 quomodo
832 3579 1004 3649 Maecenas
1026 3605 1098 3647 oum
1115 3583 1183 3649 Ho-

94 3680 177 3745 ratio
210 3686 295 3764 agat.
343 3677 397 3743 Ad
428 3701 523 3765 quam
553 3680 836 3766 interrogationem
868 3681 976 3767 utique
1006 3703 1072 3746 non
1104 3681 1185 3748 alius

96 3801 192 3865 quam
225 3779 436 3864 interrogatus
462 3780 625 3865 respondit
647 3801 826 3865 paucorum
851 3779 1006 3846 domiuum
1026 3794 1055 3846 at
1074 3783 1186 3848 meotis

95 3879 168 3944 deae
194 3901 298 3942 sanae.
342 3877 450 3958 Quare
477 3879 562 3962 quod
589 3879 651 3945 hoo
677 3899 865 3965 responsum
894 3900 1053 3945 unacum
1073 3880 1184 3946 verbis

95 3976 334 4064 insequentibus
366 3977 540 4062 usquead
571 4001 603 4045 v.
627 3977 705 4067 48..7
730 3977 853 4043 Bolano
884 3978 1042 4044 vindicari
1074 3982 1184 4067 potuit,

96 4079 172 4142 satis
192 4078 303 4142 mirari
322 4098 458 4162 nequeo.
490 4075 523 4141 Is
544 4076 686 4164 profecto
707 4075 929 4144 Maecenatem
949 4079 1054 4144 minus
1074 4081 1184 4166 ecgni-

96 4184 162 4249 tum
193 4176 347 4261 habebat,
379 4198 475 4263 quam
505 4184 540 4242 ut
565 4197 638 4242 eum
663 4175 791 4245 omnino
816 4175 913 4262 idque
940 4176 1023 4244 adeo
1047 4178 1183 4246 Horatio

969 4280 985 4329 6
