2678 4642
595 215 782 265 PRAEFATIO
1209 219 1231 267 V

141 374 292 443 laudibus
313 376 449 444 reduxit.
485 378 622 472 Imobic
637 402 764 468 quoque
786 379 1056 447 celebratissimus
1077 381 1130 448 ille
1151 383 1235 463 liber

141 479 376 565 manuscriptus
398 479 480 544 sicut
500 469 589 555 abbi
599 481 728 568 saepius
742 480 769 566 ¹)
791 481 998 570 interpolatus
1014 490 1090 568 erat,
1111 492 1145 549 11
1162 483 1234 549 loco

141 597 199 640 suo
222 575 522 644 demonstrabimus:
559 575 561 578 ⁴

224 676 346 742 Verum
367 678 519 743 Horatius
545 671 622 745 iam'
634 679 805 765 antiquitus
826 681 965 767 pessime
986 688 1138 747 tractatus
1158 682 1232 748 bar·

140 772 267 840 beriam
287 777 420 865 insuper
440 777 515 842 aevi
539 777 639 843 medii
660 787 810 865 expertus
832 788 893 863 est,
920 802 1003 867 quae
1025 789 1102 866 quot
1121 783 1232 869 saucio

141 874 276 962 vulnera
295 898 380 942 nova
400 876 553 941 inflixerit
572 877 626 943 vel
645 878 793 966 infligere
810 878 965 965 debuerit,
987 902 1084 967 quum
1104 880 1233 968 plurimi

139 972 265 1040 librarii
287 976 452 1042 dumtaxat
470 976 580 1062 legere
603 1000 643 1042 ac
663 978 806 1044 scribere
828 988 959 1066 possent
979 989 1011 1044 et
1023 979 1153 1067 linguae
1167 980 1231 1046 La·

138 1074 226 1144 tinae
247 1076 388 1163 artisque
409 1077 562 1151 metricae
584 1076 757 1143 admodum
776 1077 856 1142 nihil
877 1079 1004 1163 scirent,
1025 1079 1070 1144 ita
1083 1089 1118 1145 ut
1131 1079 1230 1166 quod·

137 1172 218 1239 libet
243 1175 357 1240 vitium
381 1175 533 1242 facillime
555 1177 801 1263 committerent,
828 1179 886 1244 vix
907 1178 1081 1246 divinando
1103 1180 1232 1265 assequi

137 1272 223 1340 licet.

220 1373 360 1439 Proinde
389 1382 519 1440 cunctos
547 1376 686 1441 auctoris
717 1377 817 1441 nostri
844 1377 972 1442 codices
999 1378 1231 1466 manuscriptos

136 1472 190 1539 vel
209 1473 280 1561 plus
301 1473 355 1540 vel
375 1475 480 1539 minus
500 1475 669 1541 mendosos
692 1498 763 1541 esse
784 1477 893 1563 utique
913 1498 1047 1542 necesse
1067 1486 1115 1542 est
1135 1485 1231 1564 atque

136 1585 211 1660 'spes
237 1596 366 1661 prorsus
396 1575 592 1657 abiicienda,
619 1573 791 1661 aliquando
819 1578 917 1641 etiam
943 1576 1104 1641 sincerum
1130 1577 1242 1663 quod-4

137 1673 213 1760 dam
239 1673 405 1761 exemplar
431 1683 614 1760 poematum
638 1676 888 1741 Horatianorum
919 1675 1039 1741 alicubi
1069 1677 1150 1742 forte
1181 1677 1230 1741 in·

136 1781 268 1838 ventum
289 1773 338 1838 iri.
370 1773 521 1838 Attamen
541 1797 638 1861 quum
658 1775 692 1839 in
712 1773 840 1839 Horatii
860 1773 973 1840 Satiris
994 1796 1228 1861 recognoscen-

137 1873 187 1939 dis
219 1873 325 1960 spicas
353 1873 473 1960 aliquot
502 1882 570 1938 tum
601 1874 729 1939 criticas
760 1865 827 1939 tum
859 1875 1045 1961 exegeticus
1076 1874 1229 1960 legissem

136 1995 272 2059 easque,
300 1982 408 2060 utpote
437 1972 480 2038 ad
505 1971 608 2038 verba
634 1983 749 2061 poetae
771 1974 889 2039 rectius
912 1983 978 2038 tam
999 1974 1230 2040 conformanda

135 2095 234 2160 quam
259 2071 499 2160 interpretanda
529 2094 595 2137 non
625 2072 721 2160 plane
747 2072 873 2138 inutiles
904 2073 983 2139 mihi
1010 2075 1107 2157 visas,
1139 2074 1228 2140 foras

135 2173 215 2238 dare
237 2173 480 2256 constituissem,
503 2172 648 2237 codicem
668 2172 885 2239 bibliothecae
906 2174 1019 2260 regiae
1040 2172 1227 2238 Berolinen·

70 2261 75 2267 ⁵
134 2273 180 2338 sis
207 2272 348 2337 nondum
376 2271 525 2337 collatum
551 2294 616 2337 non
638 2273 743 2359 magis
763 2272 851 2338 volui
870 2274 1024 2338 intactum
1044 2272 1227 2359 relinquere

133 2395 232 2458 quam
253 2374 362 2438 sitiens
383 2373 486 2437 fontes
507 2372 611 2437 minus
633 2372 782 2459 limpidos
802 2372 990 2460 praeterire,
1011 2395 1088 2437 nam
1108 2381 1142 2437 ut
1157 2373 1225 2459 qui·

131 2495 219 2557 mus,
246 2473 349 2556 aiunt,
377 2471 504 2558 quando
530 2479 565 2536 ut
584 2471 729 2563 volumus
754 2494 819 2536 non
844 2472 930 2537 licet.
972 2472 1044 2537 Nec
1063 2471 1159 2537 modo
1179 2471 1226 2536 lo-

133 2595 190 2639 cos
212 2595 233 2638 a
252 2595 304 2637 me
325 2573 359 2636 in
380 2571 604 2636 Coniectaneis
626 2572 825 2636 examinatos
847 2571 961 2638 leviter
982 2572 1142 2659 inspicere
1155 2570 1224 2659 pla·

132 2673 213 2757 cuit,
241 2672 299 2737 sed
327 2670 448 2736 Satires
474 2671 617 2757 integras
644 2680 794 2737 accurate
816 2671 985 2759 explorare
1012 2672 1110 2737 satius
1135 2671 1224 2738 duxi.

132 2773 227 2855 Quae
247 2772 355 2859 reperi
374 2768 524 2855 notanda,
545 2770 628 2835 haec
648 2771 717 2836 fere
739 2779 821 2836 sunt.

250 2871 364 2938 Codex
389 2869 604 2937 bibliothecae
631 2871 744 2957 regiae
770 2869 989 2936 Berolinensis
1013 2893 1062 2935 nr.
1090 2869 1162 2935 269.
1189 2869 1225 2935 in

172 2979 275 3059 quart.
295 2972 373 3036 min.
396 2971 536 3036 continet
552 2970 680 3035 Horatii
693 2969 913 3057 Epistolarum
932 2970 1032 3035 libros
1054 2969 1133 3035 duos
1150 2991 1224 3035 cum

171 3071 319 3159 Epistola
332 3070 375 3136 ad
393 3070 527 3135 Pisones
549 3078 581 3135 et
602 3068 793 3134 Sermonum
812 3068 911 3136 libros
933 3069 1024 3135 duos.
1059 3068 1221 3134 Membra·

171 3171 291 3237 naceus
313 3177 361 3235 est
382 3177 413 3235 et
433 3166 561 3235 saeculo
584 3169 773 3234 duodecimo
795 3178 954 3236 exaratus.
983 3168 1094 3234 Fluxit
1110 3191 1152 3234 ex
1165 3189 1222 3234 ve-

171 3280 254 3337 tusto
288 3270 370 3336 libro
405 3269 620 3356 manuscripto
658 3277 767 3360 notae·
790 3269 946 3355 melioris,
978 3268 1036 3334 sed
1073 3266 1222 3334 librarius

171 3393 258 3457 unus
275 3370 315 3434 de
336 3369 480 3457 plurimis
500 3369 585 3435 bene
607 3368 737 3454 quidem
758 3377 860 3434 artem
885 3367 1048 3435 scribendi
1070 3367 1221 3451 callebat,

170 3470 300 3558 linguae
309 3470 530 3535 veroLatinae
541 3469 681 3554 artisque
692 3469 845 3534 metricae
857 3477 926 3535 erat
935 3467 1035 3534 rudis.
1061 3460 1220 3557 Omnibus

170 3568 323 3659 Epistolis
348 3569 486 3657 plurima
513 3567 637 3634 scheba
658 3577 690 3634 et
708 3569 792 3635 inter
813 3577 995 3634 contextum
1019 3575 1051 3632 et
1075 3568 1111 3632 in
1135 3589 1219 3632 mar-

170 3673 265 3758 gine,
296 3666 505 3734 Sermonibus
534 3689 700 3755 perpauca
730 3667 833 3734 solum
863 3669 897 3732 in
929 3667 1076 3754 margine
1109 3675 1220 3732 auctor

169 3769 301 3857 quidam
323 3768 485 3835 recentior
505 3767 624 3835 allevit.
769 3776 770 3779 ’

194 3968 220 4033 1)
248 3967 279 4019 v.
296 3967 527 4032 c.sat.1,r‚1os.
544 3968 565 4032 1,
582 3971 606 4034 a,
628 3969 669 4021 11.
687 3970 728 4022 oo.
755 3968 777 4031 1,
794 3970 818 4031 4,
839 3968 880 4019 sr.
908 3965 929 4030 1,
947 3968 972 4029 o,
993 3967 1034 4018 os.
1062 3963 1138 4030 ne,
1161 3958 1216 4017 ros

121 4051 159 4116 11,
176 4052 202 4114 s,
217 4052 259 4103 sr.

584 4185 779 4200 *m
