2678 4642
364 253 400 302 m
422 252 612 302 snrmnunn
632 253 760 301 nmnun
781 251 966 302 sncunnun
1151 239 1212 304 135

207 417 315 486 Cardo
336 420 384 484 rei
405 420 440 484 in
459 418 575 484 iisdem
594 419 730 484 vertitur
750 419 836 484 vitiis
856 441 919 485 nec
939 421 973 484 in
994 440 1089 505 quam
1110 421 1212 486 maxi-

124 542 177 586 me
203 521 318 604 variis,
349 519 435 584 unde
465 543 498 583 v.
520 518 540 583 l.
569 519 653 584 idem
680 519 794 583 falsam
827 540 897 584 esse
930 518 1044 585 elucet.
1086 519 1214 585 Eadem

125 621 264 704 ratione,
285 638 351 705 qua
370 618 453 684 idem
475 641 517 682 ex
539 619 748 685 antecedente
768 618 925 684 vocabulo
948 621 1138 685 constantior
1157 642 1213 684 na·

126 728 193 784 tum
215 727 272 803 est,
298 719 403 783 v.·19.
424 717 591 805 vulgatum
610 719 662 783 itte
689 741 731 784 ex
755 740 836 783 voce
856 720 954 805 prior
980 719 1098 806 prodiit
1125 728 1157 783 et
1180 742 1213 784 v.

130 819 184 883 42.
205 842 237 883 v.
260 817 281 882 l.
302 817 426 883 stultior
445 821 514 905 epm
540 826 652 883 exorta
674 826 730 882 est.
773 817 901 883 Iudicat
925 841 1004 884 vero
1021 821 1118 906 prior
1139 819 1160 883 i.
1183 841 1214 905 q.

118 921 337 1007 praestantior
364 925 396 981 et
421 916 553 983 Davum
584 926 762 1005 praecepta
793 916 988 1002 Stoicorum,
1020 921 1091 1005 qaia
1118 921 1217 1005 pom'o

127 1043 193 1083 csse
205 1020 281 1104 fere
299 1018 420 1105 pascuit
432 1029 568 1103 peccota
590 1015 678 1102 (Sat.
700 1016 727 1099 I,
749 1017 778 1100 3,
802 1015 877 1100 to),
903 1039 968 1082 non
994 1019 1137 1084 severius
1165 1040 1215 1083 se·

129 1127 260 1204 quutum
282 1139 352 1182 esse
375 1138 417 1181 ex
437 1139 468 1183 v.
490 1114 541 1181 47.
565 1125 597 1180 et
618 1117 669 1180 63.
692 1116 820 1181 abunde
842 1124 987 1203 apparet.

126 1235 151 1285 V
176 1236 217 1288 29.
234 1250 291 1302 sqq.
615 1232 644 1283 si
660 1231 814 1298 nusquam
831 1248 859 1282 es
876 1233 943 1284 forte
959 1237 1069 1284 vocatus

325 1315 368 1367 Ad
384 1331 483 1379 cenam,
499 1314 593 1365 landas
608 1328 729 1365 setinum
745 1314 804 1365 olus
821 1330 853 1365 ac
869 1315 941 1366 velut
956 1332 1091 1382 usquam

326 1399 460 1450 Vinctus
478 1414 545 1461 eas,
562 1399 600 1448 ita
615 1398 641 1448 ts
657 1397 760 1448 felicem
777 1399 842 1448 dicia
859 1414 992 1464 amesque,

328 1481 406 1544 Quod
422 1496 578 1548 nusquam
594 1481 642 1530 tibi
659 1482 693 1531 sit
709 1481 861 1546 potandum.

212 1598 275 1662 Pro
307 1599 428 1663 or‘nctus
458 1619 539 1661 unus
570 1597 659 1661 Feae
690 1596 762 1662 MS.
795 1619 816 1662 a
845 1620 894 1684 pr.
927 1620 969 1661 m.
991 1597 1090 1662 victos
1110 1592 1217 1661 habet.

131 1697 288 1762 Horkelio
321 1697 404 1762 anal.
436 1696 516 1761 Hor.
550 1719 582 1783 p.
612 1696 663 1760 47.
686 1708 764 1782 sqq.
777 1695 936 1762 vocabula
965 1720 1116 1781 nosquam
1136 1735 1219 1747 -—·

132 1823 263 1884 osquam
284 1840 366 1850 -—
387 1820 539 1880 nosquam
561 1795 731 1882 displicent
746 1805 778 1861 et
797 1798 918 1861 orbatos
932 1821 993 1879 eos,
1016 1795 1220 1881 quodminus

132 1898 307 1964 violentum
327 1898 419 1979 foret,
441 1897 469 1959 si
490 1895 531 1960 de
551 1896 586 1959 vi
606 1894 693 1959 illata
713 1896 825 1960 Davus
850 1895 938 1982 loqui
965 1894 1134 1978 voluisset,
1162 1897 1220 1960 im·

132 1996 301 2087 probabile
326 1995 463 2062 videtur.
502 1995 714 2081 Excogitavit
740 1996 814 2088 ideo
842 1995 925 2060 hanc
952 1995 1221 2060 emendationem:

133 2099 214 2162 velot
235 2113 329 2162 tatum
350 2093 395 2178 big
415 2091 527 2178 lupina,
550 2117 614 2180 qua
640 2103 748 2159 tamen
777 2097 874 2159 etiam
898 2095 1148 2182 probabiliorem
1173 2096 1220 2159 in-

133 2196 239 2263 veniri
270 2217 365 2283 posse
396 2194 536 2280 ingenue
564 2195 690 2268 fatetur.
733 2194 834 2259 Nobis
863 2216 990 2282 quoque
1016 2196 1096 2259 istae
1122 2217 1221 2259 voces

86 2309 89 2316 '
133 2319 285 2381 nosquam
304 2339 388 2352 --
408 2318 539 2380 usquam
560 2339 642 2350 --
668 2318 819 2380 nosquam
844 2295 948 2358 minus
976 2294 1167 2379 arriderent,
1196 2293 1224 2358 si

135 2396 238 2482 ipsius
261 2402 368 2459 essent
386 2393 513 2457 Horatii
540 2414 645 2478 neque
671 2392 775 2478 Davi,
809 2395 859 2459 cui
891 2394 1022 2479 quidem
1051 2395 1130 2459 talia
1159 2415 1225 2459 non
1285 2448 1287 2453 .

138 2494 402 2561 abiudicaverim.
446 2491 514 2557 cfr.
536 2491 639 2579 Epist.
661 2493 704 2577 H,
726 2494 756 2577 3,
779 2494 849 2559 114.
872 2516 942 2580 sqq.
986 2494 1053 2558 Sed
1072 2515 1131 2581 pro
1158 2496 1224 2559 oin-

137 2608 203 2660 otns
224 2618 277 2659 aaa
297 2593 406 2658 malim
426 2592 493 2678 legi
512 2594 612 2657 vietus
633 2616 694 2676 eos,
718 2594 835 2658 etenim
856 2596 912 2680 qui
931 2595 1055 2658 vinctus
1076 2596 1124 2659 ire
1146 2593 1221 2658 diei·

136 2704 197 2777 tur,
218 2696 246 2760 is
267 2716 331 2759 non
352 2702 417 2758 tam
439 2692 565 2778 cogitur
585 2682 632 2756 ire
654 2715 751 2778 quam
765 2693 936 2780 impeditur
951 2693 1116 2780 aufugere,
1137 2692 1225 2779 quod

139 2793 298 2880 quomodo
321 2793 487 2857 commode
509 2791 571 2856 huc
592 2791 748 2877 applicari
760 2793 870 2878 possit,
892 2793 955 2857 non
973 2793 1081 2879 liquet.
1112 2792 1223 2879 Appo-

139 2895 200 2958 site
222 2900 329 2956 autem
348 2891 463 2955 Davus
485 2890 601 2954 dixerit
621 2890 701 2955 uelut
721 2916 851 2978 usquam
871 2894 970 2957 victus
991 2915 1053 2974 aas,
1079 2892 1111 2956 h.
1136 2915 1163 2956 e.
1186 2916 1226 2956 ea

141 2994 275 3057 arbitrio
296 2992 433 3056 victoris.
477 2990 543 3054 Ofr.
567 2989 634 3054 Sat.
656 2988 683 3072 I,
704 2990 733 3073 9,
754 2991 805 3054 42.
828 3012 875 3076 sq.
898 3004 927 3055 et
950 2991 1137 3077 praecedere
1162 3014 1226 3057 coe·

131 3094 195 3178 pir.
228 3092 314 3179 Epo,
346 3104 381 3155 ut
412 3089 591 3155 contendere
623 3088 736 3154 darum
767 3113 836 3156 curu
865 3093 994 3174 victore,
1026 3115 1152 3178 sequor,
1180 3113 1225 3157 so.

139 3194 248 3256 or'otos.

139 3308 171 3360 V.
189 3309 229 3360 34.
247 3323 285 3374 sq.
483 3305 584 3359 Nemon
601 3304 686 3356 oleum
703 3305 769 3356 tert
786 3306 874 3357 ocius?
902 3307 1001 3372 Ecquis

234 3455 236 3462 Ι
338 3389 436 3440 Audit?
454 3405 514 3439 cum
529 3404 625 3455 magno
642 3388 757 3439 blateras
774 3388 886 3440 elamore
902 3390 1059 3455 iurisque.

224 3490 382 3554 Praesens
404 3488 500 3571 fert,
521 3508 580 3575 pro
602 3509 664 3574 quo
680 3487 766 3552 bona
779 3511 855 3575 pars
870 3487 952 3554 cdd.
968 3489 1107 3568 futurum
1127 3488 1230 3554 feret

144 3588 288 3673 exhibet,
309 3609 375 3652 non
394 3589 499 3652 minus
522 3609 619 3672 quam
650 3587 763 3653 audit
790 3590 949 3653 sincerum
981 3597 1038 3652 est.
1081 3587 1156 3653 Plus
1188 3588 1230 3653 de

144 3712 175 3753 v.
197 3687 218 3752 l.
232 3690 386 3776 foprbqae
408 3687 581 3773 disceptari
602 3708 696 3773 posse
719 3685 853 3772 videtur,
876 3688 934 3753 sed
956 3689 1134 3753 arctissima
1155 3709 1229 3752 eon·

142 3789 263 3854 iunctio
289 3787 462 3853 verborum
490 3788 624 3852 blateras
640 3788 795 3874 scopisque
816 3786 950 3852 alterum
972 3788 1143 3852 insiticium
1159 3809 1230 3852 esse
1284 3808 1287 3816 ·

143 3888 335 3954 manifestat.
382 3886 436 3951 An
467 3885 619 3965 Horatius
651 3907 713 3950 uno
746 3887 846 3951 ferme
880 3887 1056 3972 eodemque
1088 3896 1231 3974 tempore

144 3987 352 4054 blateraverit
377 3995 472 4072 atque
501 3986 544 4051 ad
569 3986 793 4052 Maecenatem
823 3986 957 4073 fugerit,
990 3986 1060 4051 oleo
1090 3986 1232 4051 nondum

145 4087 267 4153 allato?
304 4086 399 4167 Quod
419 4095 455 4150 ut
477 4086 700 4169 concedamus,
721 4086 851 4151 minime
872 4096 981 4150 tamen
996 4084 1150 4151 credibile
1173 4080 1249 4172 est,¹

144 4187 317 4253 Horatium
338 4187 435 4252 etiam
456 4208 528 4250 cum
554 4207 672 4272 magno
699 4185 838 4251 clamore
865 4185 907 4251 ad
932 4185 1156 4251 Maecenatem
1183 4186 1231 4252 fu·
1299 4187 1301 4191 ’
