2678 4642
351 241 386 289 ru
408 239 597 289 sarmarum
617 241 746 289 amnon
766 240 900 290 remon
1128 225 1168 291 91

83 403 245 469 binianam
266 406 346 471 viris
368 406 587 471 eruditissimis
607 407 827 493 maximopere
847 404 1009 493 placuisse
1029 428 1093 472 non
1112 430 1170 494 po-

83 513 167 569 terat
187 505 263 570 satis
285 507 445 571 demirari.
479 506 622 590 Quaerit,
644 527 794 592 quorsum
809 506 890 571 adeo
905 508 1013 593 patris
1028 506 1170 572 oblitus?

83 626 141 669 cur
151 627 225 670 ⁴non
246 615 279 671 et
298 630 425 671 auorma
438 608 650 692 maiorumque
674 605 828 670 amaram?
843 687 845 691 y
858 605 939 670 Tum
954 605 1061 690 qualia
1075 608 1172 671 etiam

82 703 139 768 illa
160 707 235 787 sint,
267 729 360 790 qaam
379 706 497 771 Pedias
518 718 547 770 et
571 705 723 770 Carrinas
743 704 821 769 alias
849 726 913 769 non
934 705 1018 770 soliti
1044 704 1170 772 Graece

85 824 185 889 agere
216 805 330 869 Latiae
361 829 472 870 causas
503 804 620 892 apert?
660 805 773 890 Neque
805 804 925 869 dictum
956 826 1027 868 esse
1059 829 1172 871 caracae

85 927 185 990 apere,
207 903 266 968 sed
286 927 399 969 causae
420 904 583 987 casadare,
605 903 689 990 quod
709 912 887 990 portentum
907 903 1006 990 plane'
1025 904 1066 968 sit
1087 906 1172 970 etin

84 1002 211 1087 ignotas
232 1011 335 1068 terras
363 1003 609 1090 deportandum,
631 1002 687 1068 ubi
707 1003 831 1068 incolae
854 1004 970 1068 Latine
991 1012 1120 1068 vomant
1140 1013 1173 1069 et

84 1102 199 1166 Latine
226 1113 372 1168 ventrem
403 1111 587 1167 exonerent.
635 1102 808 1168 Praeterea
841 1103 950 1167 oble'toe
975 1125 1033 1188 pro
1060 1105 1172 1168 oblitas

85 1202 206 1267 idcirco
228 1201 375 1267 substitui
395 1202 507 1286 voluit,
536 1202 621 1288 quod
640 1203 781 1286 nescias,
804 1202 881 1288 quid
900 1202 954 1266 hic
975 1203 1096 1267 faciant
1117 1212 1172 1267 aut

86 1322 237 1386 quorsum
261 1303 442 1389 pertineant
466 1303 584 1368 Pedius
611 1310 643 1367 et
670 1301 827 1367 Corvinus
859 1324 931 1366 cum
958 1302 1063 1366 causis
1093 1304 1171 1368 suis.

85 1401 153 1466 Nos
181 1401 293 1467 Latiae
314 1424 538 1467 revocaremus
561 1402 655 1466 etiam
682 1402 803 1467 cunctis
825 1399 906 1467 Odd.
933 1400 1172 1487 refragantibus

86 1510 180 1586 atque
203 1511 391 1588 argumenta
411 1525 432 1566 a
451 1501 596 1567 Bentleio
624 1502 768 1589 opposita
795 1510 925 1565 auctore
950 1510 1096 1588 putamus
1122 1501 1171 1565 in-

87 1600 286 1686 dignissima.
327 1601 382 1667 Ad
403 1603 637 1688 quaestionem,
655 1624 712 1666 cur
728 1602 834 1687 patris
853 1624 909 1665 aec
929 1624 1057 1665 avaram
1076 1603 1173 1666 maio-

16 1709 19 1714 ’
86 1725 214 1786 rumque
236 1703 371 1766 orariam
391 1704 502 1768 oblitas
522 1710 618 1788 poeta
638 1700 763 1784 dixerit,
785 1701 854 1765 fere
874 1699 950 1765 licet
963 1700 1172 1786 respondere:

88 1799 130 1865 ob
151 1801 286 1888 ineptias
306 1801 468 1886 vitandas,
501 1800 659 1886 siquidem
686 1821 750 1864 non
779 1798 821 1864 ab
843 1801 913 1864 avis
934 1799 1172 1887 maioribusque

88 1900 243 1984 omnibus,
265 1900 324 1966 sed
344 1900 419 1966 solis
440 1923 461 1964 a
481 1899 667 1988 parentibus
687 1898 785 1985 vulgo
807 1898 894 1984 loqui
915 1898 1076 1963 discimus
1104 1899 1173 1963 Ex·

91 1999 258 2064 sultantem
279 2008 383 2064 autem
404 2023 443 2065 aa
471 2000 695 2086 tripudiantem
720 1997 899 2063 Bentleium
923 2020 1052 2085 prorsus
1081 1998 1172 2084 igno-

88 2121 187 2182 rasse,
213 2100 328 2164 Latiae
354 2098 547 2164 creberrime
573 2099 755 2187 significare
777 2121 859 2185 pare
892 2110 920 2162 et
945 2097 1101 2162 emendate
1128 2096 1173 2182 l.

90 2198 159 2264 Cic.
175 2198 216 2263 de
239 2207 301 2285 opt.
322 2221 397 2284 gen.
420 2207 536 2264 orator.
559 2197 614 2282 2.),
635 2198 778 2285 profecto
799 2196 894 2263 valde
915 2196 1060 2262 mirabile
1082 2205 1139 2261 est.

173 2298 244 2362 Iam
271 2297 350 2363 illud
376 2297 589 2386 exploremus,
621 2296 707 2384 quod
732 2297 818 2362 idem
850 2305 960 2362 auctor
991 2297 1174 2383 expromsit:

90 2411 119 2463 te
136 2399 242 2484 ,ipsmn
254 2397 438 2484 percontor,
468 2423 509 2464 aa
530 2411 559 2464 et
578 2423 671 2483 qaam
691 2398 774 2463 dara
793 2399 853 2462 tibi
863 2396 1047 2484 parapanda
1066 2398 1117 2461 rei
1133 2399 1175 2462 ait

90 2521 187 2562 caasa
212 2498 336 2563 Petilli?
378 2497 503 2583 Scilicet
527 2499 636 2563 oblitos
671 2495 780 2583 (quam
806 2496 934 2583 quidem
962 2497 1176 2561 coniecturam

91 2619 156 2662 non
175 2596 310 2685 recepit)
329 2599 514 2686 patriaeque
526 2599 693 2685 patrisque
712 2597 831 2680 Lanae,
853 2621 946 2682 quara
965 2595 1083 2660 Pedias
1104 2619 1175 2660 cau-

90 2721 145 2761 sas
165 2697 301 2780 casadei,
327 2698 489 2785 Poplicola
514 2710 604 2784 atque
636 2695 801 2778 Caruilius,
822 2697 945 2782 patriis
969 2696 1176 2760 intermiscere

88 2798 189 2883 petita
209 2798 406 2883 verboseris
424 2797 526 2879 raalio,
552 2796 705 2862 Caaasa‘ai
721 2819 805 2861 more
826 2794 993 2882 biliapaiol
1006 2793 1038 2858 h.
1054 2816 1082 2858 e.
1104 2795 1175 2881 ipso

91 2897 276 2982 interprete:
307 2919 391 2983 rope,
423 2920 465 2961 aa
491 2909 519 2960 et
546 2897 580 2960 ia
601 2897 705 2960 causes
735 2894 885 2982 eporedia?
919 2892 1052 2976 Scilicet,
1084 2917 1176 2979 qaam

90 2995 208 3060 Pedias
228 3008 257 3059 et
282 2994 441 3077 Oaror'aas,
464 2995 545 3059 clari
564 3007 711 3076 oratores,
740 3017 852 3058 caueae
879 3005 981 3074 oraret,
1009 2993 1100 3057 raalio
1125 3016 1177 3056 eoo

92 3096 202 3159 oblitos
218 3095 324 3180 patrii
347 3096 497 3159 sermones
524 3093 618 3158 verda
639 3093 730 3180 foris
753 3093 857 3179 petita
888 3092 1079 3156 orationibus
1110 3093 1176 3156 sais

91 3193 249 3259 inserere?
282 3193 424 3257 Primum
445 3194 554 3258 oblitos
574 3200 726 3278 sequente
751 3213 882 3257 numero
909 3189 1063 3278 singulari
1089 3215 1177 3255 eccer-

93 3294 144 3359 det
164 3294 386 3359 Bentleianum
413 3301 474 3376 est,
500 3313 565 3357 non
591 3293 812 3357 Horatianum.
853 3291 982 3357 Deinde
1010 3290 1052 3355 ad
1080 3291 1175 3355 inter-

93 3395 304 3479 rogationem:
336 3418 378 3459 ea
399 3406 427 3457 et
447 3417 540 3479 quara
561 3391 643 3456 dara
662 3391 721 3457 tibi
733 3391 918 3479 perapeada
937 3393 988 3456 rei
1012 3391 1054 3454 sit
1082 3413 1178 3454 caasa

92 3492 211 3575 Petilli,
240 3516 338 3558 sermo
359 3493 467 3580 liapaa
488 3493 652 3556 acacianae
673 3505 803 3578 atraque
823 3491 969 3556 suavior?
999 3491 1105 3577 inepte
1126 3511 1177 3552 re·

94 3591 280 3677 spondetur:
311 3593 429 3657 scilicet
456 3590 590 3656 Pedium
617 3600 711 3677 atque
740 3591 915 3657 Corvinum
941 3590 1032 3655 atala
1054 3588 1178 3654 Graeca

94 3692 196 3756 uerbis
219 3691 345 3757 Latinis
374 3691 532 3756 inserere?
565 3691 706 3778 Rogatus
735 3693 820 3757 enim
852 3691 1070 3773 adversarius,
1102 3688 1178 3774 quid

96 3792 166 3877 ipse
188 3791 228 3855 sit
248 3791 403 3881 facturus,
429 3813 586 3878 reponere
611 3792 735 3877 nequit,
764 3789 841 3877 quid
862 3789 941 3854 alios
962 3788 1038 3855 velit
1057 3789 1177 3853 facere.

95 3892 180 3955 Tum
199 3898 295 3977 poeta
307 3890 443 3955 Pedium
464 3898 558 3977 atque
573 3889 759 3975 Corvinum,
781 3893 808 3955 si
829 3888 1013 3977 simpliciter
1028 3910 1082 3952 eos
1104 3910 1179 3952 cau-

97 4014 150 4056 sas
173 3990 332 4055 exsudare
354 4011 411 4054 seu
432 3999 575 4055 oratores
597 3986 760 4056 dumtaxat
774 3990 922 4055 sudantes
936 3989 1179 4076 pronuntiasset,

91 4112 162 4156 non
192 4100 257 4156 tam
288 4089 450 4155 laudasset
481 4111 576 4175 quam
606 4090 872 4179 reprehendisset.
919 4089 1017 4153 Porro
1050 4088 1184 4175 lileapai

98 4190 284 4257 adversario
311 4188 487 4256 refellendo
515 4188 558 4258 ab
577 4185 720 4259 'Horatio
746 4198 886 4258 oratores
918 4188 1078 4278 oppositos
1109 4209 1180 4255 esse
