2670 4642
116 203 158 268 50
541 216 775 267 coumcmxm

118 383 176 448 cur
196 381 324 447 tandem
338 389 436 469 poeta
449 383 631 469 graviorem
649 384 736 448 viam
749 380 888 468 Appiam
902 381 1030 446 omnino
1043 375 1205 449 institerit.

118 482 257 547 Causam
279 504 357 546 sane
378 481 471 546 huius
492 483 542 546 rei
562 483 761 568 ignoramus,
781 503 843 545 nec
870 503 947 546 vero
974 480 1120 546 volumus
1146 505 1205 548 ex-

117 583 253 668 piscari,
274 603 372 667 quum
393 591 479 646 certo
501 582 584 646 scire
598 580 691 646 nobis
706 581 782 645 satis
797 581 845 664 sit,
859 579 1027 646 Horatium
1040 582 1076 645 in
1088 581 1206 647 itinere

117 682 210 746 unius
232 680 297 745 diei
317 702 432 746 revera
464 680 597 746 biduum
629 679 851 744 consumsisse.
893 678 1064 765 Aliquanto
1097 690 1207 746 autem

118 782 214 845 etiam
234 779 338 845 levius
353 788 410 863 est,
431 779 516 865 quod
530 777 673 843 nonnulli
692 802 746 844 vv.
763 778 817 843 dd.
833 779 1012 863 anquirunt,
1028 802 1085 845 cur
1098 780 1206 846 Hora·

116 880 177 945 tius
198 880 261 944 iter
292 879 437 943 diviserit
462 900 565 964 neque
592 878 760 942 incesserit
785 875 932 942 celerius.
973 878 1124 964 Ignavia,
1154 880 1205 945 in·

118 1000 224 1065 quam,
246 979 280 1042 in
301 999 401 1042 causa
423 985 500 1060 erat,
521 991 557 1041 ut
577 976 720 1042 dilucide
740 976 875 1041 relatum
896 984 954 1042 est.
997 977 1093 1058 Quod
1114 977 1205 1043 deni-

119 1099 182 1164 que
202 1079 305 1141 minas
326 1077 422 1140 etiam
435 1077 470 1140 in
484 1075 612 1141 scholiis
628 1084 739 1160 exstat,
760 1074 822 1140 hoo
841 1076 1070 1140 munimentum
1082 1076 1207 1143 nullum

119 1185 182 1259 est,
202 1197 277 1240 nam
298 1175 332 1238 in
353 1174 467 1239 iisdem
487 1184 615 1262 praeter
635 1175 749 1240 multas
771 1175 849 1240 alias
863 1173 1019 1240 lectiones
1037 1185 1206 1263 corruptas

119 1275 296 1360 reperimus
319 1275 414 1338 etiam
435 1272 501 1338 Sat.
523 1273 550 1357 I,
572 1274 600 1358 6,
624 1275 693 1339 126.
707 1276 806 1362 sopio
825 1275 949 1340 rabiosi
959 1289 1098 1362 temporo
1110 1276 1205 1362 sipaa'.

118 1374 244 1440 Eadem
270 1382 411 1439 ceterum
435 1372 598 1438 medicina
624 1374 819 1438 correxerim
840 1373 946 1460 Epod.
968 1373 1061 1457 VIII,
1084 1374 1133 1439 lt.
1156 1397 1205 1460 sq.

33 1544 36 1551 ,
118 1474 268 1540 miserari
283 1470 457 1538 samninus
476 1475 568 1537 nervi
584 1472 706 1560 repeat?
732 1469 863 1538 dilutione
883 1473 1007 1560 lonpuat
1017 1473 1207 1560 fascinum?

118 1606 150 1659 V.
168 1608 207 1658 12.
225 1621 264 1672 sq.
514 1605 576 1655 Huc
592 1605 702 1670 appelle.
736 1604 878 1656 Trecentos
894 1605 997 1657 inseris:
1014 1605 1065 1657 ohe

278 1760 285 1775 ι
315 1687 372 1737 Iam
388 1687 452 1737 satis
469 1691 517 1738 est

167 1826 168 1829 ¹
201 1802 295 1867 Haec
315 1801 418 1867 verba
437 1802 521 1866 inter
548 1810 675 1885 nautas,
708 1801 853 1868 dominos
884 1824 924 1868 ac
955 1826 1066 1869 servos
1099 1803 1207 1871 modis

120 1924 217 1989 quam
235 1901 377 1967 maxime
398 1902 497 1967 variis
520 1900 760 1983 distribuuntur,
782 1923 863 1987 quos
884 1922 1054 1968 recensere
1073 1903 1208 1990 longum

120 2010 178 2067 est.
222 2001 293 2065 lam
313 2000 489 2065 Lambinus
510 2008 597 2064 recte
619 1999 795 2084 admonuit,
826 1999 1008 2065 naviculam
1034 2001 1087 2067 hic
1108 2025 1129 2068 a
1149 2026 1205 2068 ne·

120 2101 207 2165 mine
228 2099 418 2163 conductam
439 2099 548 2182 fuisse,
570 2097 628 2163 sed
648 2106 779 2162 nautam
800 2098 941 2184 singulos
961 2101 1099 2165 viatores
1113 2124 1205 2168 rece·

119 2201 205 2287 pisse
221 2206 253 2262 et
267 2220 288 2262 a
301 2197 434 2283 singulis
450 2198 598 2283 exegisse
616 2198 763 2284 pretium,
784 2196 868 2262 unde
890 2198 964 2263 dum
984 2223 1037 2264 aaa
1058 2203 1205 2290 eripitur,

120 2299 194 2363 dam
215 2297 300 2360 mma
319 2298 452 2384 lipotur,
475 2310 540 2361 tota
560 2298 626 2363 abii
638 2299 725 2362 dora.
761 2295 888 2361 Idcirco
903 2296 945 2363 ob
958 2308 1087 2384 pactum
1104 2302 1204 2387 quod·

120 2397 195 2463 dam
223 2394 375 2461 violatum
402 2418 507 2482 neque
533 2405 633 2461 nauta
654 2396 815 2461 dominum
845 2416 949 2482 neque
976 2396 1122 2464 dominus
1150 2410 1208 2467 aut

119 2518 232 2562 servus
252 2503 383 2559 nautam
410 2496 578 2582 increpare
603 2504 738 2581 poterat.
779 2495 850 2559 Imo
873 2496 969 2560 etiam
999 2518 1064 2562 non
1094 2498 1207 2586 liquet,

119 2596 205 2660 unde
226 2595 391 2659 dominum
412 2603 467 2658 aut
487 2617 632 2678 servum,
654 2595 710 2680 qui
729 2603 783 2658 aut
803 2603 933 2660 nautam
958 2596 1124 2684 increpent
1152 2608 1209 2666 aut

119 2696 323 2781 increpentur
354 2715 375 2758 a
394 2701 505 2777 nauta,
538 2695 666 2758 omnino
687 2693 867 2781 depromas.
909 2694 1113 2784 Quapropter
1144 2720 1205 2764 nos

120 2795 223 2861 verba
242 2795 302 2860 duo
322 2794 440 2880 appella
461 2814 525 2857 non
546 2792 674 2857 domino
697 2802 751 2857 aut
770 2814 866 2858 servo
894 2793 1039 2880 cuidam,
1064 2796 1124 2861 sed
1141 2799 1208 2864 toti

119 2894 279 2959 viatorum
299 2893 412 2958 turbae
433 2914 533 2979 prope
556 2892 701 2957 canalem
727 2893 894 2978 navigium
920 2902 1050 2981 propter
1076 2904 1206 2962 noctem

28 2999 30 3003 ’
119 2993 184 3057 iam
203 2994 406 3078 ingruentem
427 2992 553 3056 enixius
575 2991 715 3079 captanti
734 2990 912 3056 tribuimus.
946 2991 1017 3056 Iam
1031 2995 1121 3059 ouius
1143 2997 1208 3061 sint

119 3092 223 3158 verba
243 3105 392 3156 trecentos
412 3092 544 3157 abrosis:
576 3092 631 3156 obe
656 3091 723 3155 iam
749 3092 828 3155 satis
854 3104 899 3155 est
918 3091 982 3156 nisi
1001 3101 1119 3159 nautae
1140 3103 1205 3159 tur-

119 3189 196 3256 bam
216 3191 374 3256 viatorum
394 3190 575 3257 naviculam
597 3189 757 3276 copiosius
772 3188 971 3255 obsidentem
984 3191 1205 3280 increpantis?

119 3323 151 3376 V.
169 3325 208 3376 14.
225 3338 282 3390 sqq.
532 3322 597 3373 Mali
614 3322 710 3372 culices
726 3335 858 3386 ranaeque
874 3323 1003 3387 palustres

316 3403 443 3454 Avertunt
459 3420 571 3468 somnos,
588 3405 722 3455 absentem
737 3409 771 3453 ut
787 3409 877 3454 cantat
893 3408 1003 3457 amicam

315 3485 400 3535 Multa
415 3486 533 3550 prolutus
549 3502 638 3552 vappa
654 3491 736 3537 nauta
752 3491 831 3552 atque
846 3487 952 3539 viator

316 3569 448 3619 Certatim
482 3569 600 3620 Tandem
615 3570 701 3619 fessus
719 3569 830 3619 dormire
845 3571 930 3621 viator

315 3650 412 3716 Incipit
427 3666 460 3701 ac
475 3651 570 3701 missae
586 3657 690 3716 pastum
705 3652 849 3703 retinacula
865 3653 951 3704 mulae

315 3734 403 3784 Nauta
418 3736 492 3800 piger
509 3749 571 3784 saxo
588 3734 681 3801 religat
697 3735 830 3802 stertitque
847 3737 964 3801 supinus.

202 3847 310 3935 Vulgo
332 3850 484 3914 omissum
504 3862 539 3913 ut
558 3848 721 3914 Bentleius
743 3872 786 3914 ex
805 3850 999 3916 membranis
1012 3861 1100 3917 recte
1113 3854 1204 3918 resti-

119 3950 187 4033 tuit,
208 3949 396 4014 consocians
417 3950 445 4013 is
467 3948 608 4034 quidem:
630 3950 782 4033 absentem
795 3963 830 4015 at
844 3964 948 4015 cantat
961 3953 1094 4016 ornicum
1106 3953 1205 4017 motta

117 4049 262 4135 prolatos
283 4072 388 4136 vappa
407 4062 506 4114 nauta
525 4061 616 4133 atque
636 4050 739 4113 viator
767 4052 921 4131 certatam,
950 4051 1075 4116 tandem
1092 4053 1206 4138 fessus

120 4147 256 4215 dormire
281 4150 383 4215 viator
409 4150 535 4235 instinct,
561 4147 594 4212 h.
616 4170 644 4213 e.
666 4161 701 4213 at
721 4149 790 4214 sive
818 4149 892 4215 dum
919 4163 1025 4215 comat
1051 4165 1149 4217 nauta
1176 4165 1205 4217 et
