2678 4642
151 229 191 294 14
578 243 812 293 consensum

149 434 281 500 prorsus
307 411 361 476 ille
389 410 520 497 quidem
546 410 738 495 immeritus,
766 411 916 497 quoniam
946 432 1044 476 unum
1078 409 1243 477 dumtaxat

154 521 378 598 argumentum
398 511 583 597 primarium
605 508 755 574 habuisse
777 519 890 597 potest.
933 510 1039 596 Atque
1060 509 1122 575 hoc
1145 534 1240 596 argu-

150 620 307 694 mentum,
329 612 457 698 opinor,
479 611 555 675 satis
578 609 717 674 dilucide
739 631 867 695 unoque
887 619 998 674 tenore
1019 610 1094 674 inde
1110 633 1130 674 a
1143 635 1175 675 v.
1189 612 1241 675 28.

149 732 251 797 usque
285 709 327 775 ad
356 734 387 775 v.
410 710 480 774 107.
513 711 668 792 excussit,
700 710 829 774 seilicet*
855 710 1035 775 avaritiam.
1080 709 1243 790 Quocirca

150 831 255 874 sermo
278 809 318 874 de
339 809 522 875 hominibus
544 816 629 872 sorte
651 817 711 873 s'u'a
730 816 796 873 nob
819 810 973 874 abutentis
987 810 1118 874 minime
1137 811 1242 896 potior

150 920 215 993 est,
236 909 295 975 sed
317 908 512 975 solummodo
543 915 575 971 et
603 907 861 972 exordiendmet
885 908 1026 973 finiendo
1054 919 1242 995 argumento

150 1011 305 1098 primario
316 1008 521 1091 inserviebat,
543 1028 608 1093 qua
622 1007 656 1069 in
671 1008 899 1094 compositione
913 1007 1010 1094 plano
1024 1030 1089 1072 non
1103 1009 1241 1094 reperio,

152 1110 240 1196 quod
260 1119 348 1174 recte
371 1107 523 1195 castigari
545 1113 651 1192 queat.
695 1104 822 1192 Singuli
843 1106 980 1193 denique
1002 1107 1083 1190 loci,
1110 1116 1242 1195 propter

150 1232 232 1297 quos
252 1209 406 1273 Horatius
428 1214 593 1292 correptus
616 1213 676 1288 est,
706 1207 821 1291 partim
842 1207 1040 1293 integerrimi
1061 1218 1146 1294 sunt,
1167 1232 1241 1297 par·

149 1310 208 1373 tim
228 1307 372 1372 nonnihil
394 1307 549 1394 corrupti,
570 1313 605 1369 ut
626 1305 778 1390 deinceps
799 1305 990 1371 videbimus.

232 1408 274 1474 V.
290 1408 320 1472 2.
342 1429 401 1493 pro
422 1407 479 1472 illa
499 1404 587 1470 haud
606 1405 703 1492 pauci
724 1402 807 1468 Odd.
828 1405 893 1469 allo
914 1403 1042 1490 habent,
1064 1407 1149 1493 quod
1171 1429 1239 1473 ma·

150 1508 238 1572 xime
269 1508 340 1571 Fea
371 1515 406 1569 ut
426 1505 594 1593 elegantias
615 1516 643 1567 et
659 1504 784 1589 plomba
809 1503 941 1590 vulgato
967 1506 1024 1570 illa
1050 1508 1240 1592 anteposuit.

149 1607 194 1671 At
222 1606 295 1671 Itali
320 1605 577 1692 interpretatione
610 1603 760 1667 alterutra
785 1602 927 1668 admissa
958 1606 1092 1691 quisque
1125 1606 1243 1689 dicitur

150 1715 318 1791 utramque
340 1714 457 1770 sortem
478 1703 540 1769 sibi
561 1725 619 1768 seu
640 1702 764 1767 ratione
787 1701 893 1768 datam
920 1726 978 1768 scu
1004 1704 1084 1769 forte
1113 1705 1243 1771 fortuna

152 1805 311 1871 obiectam
339 1825 506 1892 respuere,
539 1824 617 1889 ergo
648 1803 775 1866 tertiam
806 1802 993 1888 quamdam,
1025 1826 1087 1869 neo
1117 1807 1241 1871 ratione

151 1905 289 1970 electam
310 1927 414 1991 neque
438 1926 515 1969 casu
537 1902 677 1968 oblatam
699 1896 866 1989 exoptare,
895 1924 977 1988 quae
999 1907 1156 1970 sententia
1176 1927 1242 1970 non

152 2003 330 2091 elegantior
352 2013 384 2068 et
410 2002 550 2090 plenior,
581 2001 731 2066 seduna
760 2002 899 2066 omnium
926 2003 1156 2068 absurdissima
1182 2015 1240 2070 est.

154 2103 336 2167 Pronomen
356 2104 421 2168 sa'bi
438 2101 619 2167 acuendum
640 2123 711 2166 esse
732 2110 833 2187 patet,
855 2110 889 2165 ut
906 2111 1001 2188 poeta
1021 2127 1110 2168 soom
1132 2126 1241 2190 quem·

155 2225 216 2289 que
245 2212 363 2266 sortem
389 2224 446 2266 seu
476 2201 599 2265 ratione
627 2209 754 2287 captam
781 2202 850 2265 sive
876 2201 1037 2267 fortuitam
1061 2204 1241 2292 increpare,

156 2311 268 2367 contra
290 2301 425 2367 aliorum
445 2299 634 2388 praedicare
656 2301 880 2366 enuntiaverit.

149 2419 182 2471 V'.
198 2420 222 2471 l.
240 2434 280 2484 sq.
347 2418 369 2467 0
387 2417 512 2467 fortunati
528 2415 694 2465 mercatores!
712 2417 800 2482 gravis
818 2417 909 2467 annis

347 2499 424 2549 Miles
442 2501 486 2562 ait,
503 2499 583 2549 multo
601 2499 654 2548 iam
671 2497 770 2548 fractus
786 2499 901 2550 membra
916 2499 1016 2551 labore.

234 2597 355 2663 Omnes
370 2598 433 2663 Lb.
448 2596 544 2662 MSS.
560 2599 651 2663 oanis
665 2606 888 2682 contestantur,
911 2599 996 2685 quod
1013 2608 1085 2687 post
1098 2599 1238 2666 Bouhie-

149 2700 247 2783 rium,
276 2690 442 2784 quietalis
468 2697 618 2780 coniecit,
645 2697 747 2761 critici
772 2705 838 2761 tum
866 2700 983 2764 acriter
1012 2699 1241 2786 defendebant,

148 2807 216 2863 tum
236 2797 441 2863 vehomenter
463 2795 685 2883 explodebant.
730 2795 794 2876 Qui
815 2799 906 2862 aonia
933 2797 1089 2863 dimittere
1117 2799 1239 2885 nolunt,

149 2899 174 2963 ii
194 2897 392 2985 potissimum
413 2919 512 2961 annos
533 2896 663 2960 militiae
688 2917 794 2981 neque
819 2897 905 2962 vitae
934 2898 1111 2984 significari
1138 2901 1238 2965 aiunt.

150 2997 273 3084 Ecquis
287 3018 365 3061 vero
379 2996 477 3079 illum,
500 2997 555 3082 qui
568 2994 681 3060 multos
695 3018 754 3082 per
768 3017 868 3060 annos
883 2995 1039 3080 militavit,
1054 2997 1241 3084 simpliciter

147 3120 275 3186 pravom
295 3098 387 3161 anais
406 3097 534 3161 mittem
559 3095 781 3183 perhibuerit?
816 3095 860 3160 Et
886 3096 914 3160 si
941 3096 1101 3183 epitheton
1127 3102 1239 3185 procis

150 3198 242 3262 oanis
261 3218 326 3261 non
347 3196 388 3261 de
410 3204 529 3279 aetate,
551 3195 610 3260 sed
631 3195 672 3260 de
692 3195 804 3260 militia
824 3195 1034 3279 intellexeris,
1064 3197 1141 3282 quid
1164 3196 1241 3263 hinc

150 3297 282 3382 insigne,
291 3295 493 3371 lucraberis?
520 3295 590 3360 Imo
604 3295 696 3360 miles
710 3295 820 3382 gravis
835 3296 925 3360 annis
936 3294 1127 3361 militaribus
1141 3297 1241 3364 multo

151 3397 246 3461 etiam
274 3403 378 3460 aetate
404 3395 589 3483 provectior
615 3404 664 3460 est
689 3417 785 3481 quam
813 3397 924 3482 gravis
952 3395 1043 3460 annis
1068 3395 1240 3482 natalibus,

149 3496 196 3561 ita
216 3503 251 3560 ut
270 3494 361 3559 miles
388 3494 582 3560 Horatianus
610 3494 748 3582 epitheto
771 3496 882 3583 procia
908 3496 999 3559 anais
1025 3495 1068 3559 ad
1095 3496 1241 3562 militiam

150 3593 251 3660 relato
272 3593 368 3680 longe
390 3595 485 3659 etiam
506 3596 614 3660 senior
635 3594 753 3659 evadat
774 3616 869 3680 quam
898 3594 1012 3659 eodem
1034 3595 1173 3682 epitheto
1195 3597 1239 3662 ad

153 3703 291 3760 aetatem
312 3703 475 3760 revocato.
511 3695 624 3780 Itaque
645 3695 678 3758 in
700 3693 843 3781 Scyllam
863 3694 1054 3779 inciderunt,
1076 3697 1131 3781 qui
1153 3695 1238 3761 Cha-

151 3792 270 3880 rybdin
290 3794 420 3858 vitaturi
442 3802 542 3859 arant.
584 3793 722 3858 Accedit
742 3802 862 3877 autem,
889 3793 974 3879 quod
1000 3804 1097 3881 poeta
1125 3805 1239 3881 aperte

152 3893 323 3979 generales
343 3892 506 3958 hominum
527 3892 909 3980 ordinesgeneralesque
936 3915 1047 3960 eorum
1075 3894 1239 3960 molestias

150 3994 185 4058 in
211 3992 354 4077 medium
381 3992 492 4058 attulit.
535 3992 602 4057 Sed
631 3992 723 4056 miles
751 3995 861 4079 procia
892 3995 984 4058 abacia
1014 4015 1072 4059 seu
1103 4018 1244 4068 annosas,

151 4091 340 4180 generalem
361 4092 507 4158 ordinem
518 4114 580 4159 nec
595 4090 681 4179 apud
698 4091 860 4158 Romanos
874 4115 980 4180 neque
995 4092 1072 4158 alibi
1086 4115 1239 4180 umquam

152 4192 322 4276 constitut,
351 4213 451 4280 quare
470 4191 542 4264 talis
571 4191 699 4257 omnino
727 4192 889 4280 appositus
916 4215 987 4260 csse
1013 4194 1132 4281 nequit.
1169 4193 1237 4262 cfr.
