2678 4642
151 211 192 276 96
577 222 811 274 conmortuus

151 391 248 478 longe
280 389 452 478 antiquior,
483 395 518 454 ut
543 410 586 456 ex
611 389 720 457 verbis
741 391 840 478 saraa
868 402 912 455 cst
937 389 1003 454 iam
1031 388 1238 455 Heindoriius

150 502 238 556 recte
260 489 397 578 collegit.
909 572 912 576 λ
1263 506 1266 511 ’

150 609 181 660 V.
200 610 239 660 72.
256 623 312 674 sqq.
807 605 899 656 Fuerit
914 605 1040 670 Lucilius,
1057 605 1172 672 inquam,

348 687 436 738 comis
453 690 479 736 et
494 685 618 749 urbanus,
635 685 713 737 fuerit
728 686 839 738 limatior
855 689 925 738 idem

252 801 254 805 <
348 772 434 832 Quam
449 768 539 819 rudis
557 773 587 818 et
604 769 738 820 Graecis
754 771 874 821 intacti
890 771 1043 821 carminis
1061 775 1180 821 auctor

348 856 484 918 Quamque
501 856 635 917 poetarum
652 854 780 903 seniorum
798 855 881 904 turba.

231 952 323 1018 Rada
344 976 467 1017 carmen
488 950 626 1016 hicnon
647 961 695 1016 est
715 953 894 1038 impolitam,
924 952 1008 1039 qaod
1026 953 1100 1019 lima
1122 965 1236 1036 careat,

153 1053 211 1119 scd
231 1053 387 1134 iaculum,
408 1052 509 1115 adhuc
530 1050 681 1116 radiatum
702 1074 754 1116 ore
776 1053 847 1135 alio,
871 1052 1011 1138 alioquin
1033 1053 1118 1116 enim
1131 1052 1237 1115 Hora-

150 1154 211 1217 tius
232 1151 293 1216 hoc
314 1152 382 1215 fere
406 1152 519 1215 effatus
541 1159 638 1215 esset:
662 1152 770 1238 fuerat
790 1151 928 1216 limatior
947 1151 1031 1216 idam
1056 1176 1147 1241 quam
1169 1175 1237 1215 aar·

151 1254 246 1317 mairia
265 1274 326 1315 oon
348 1251 452 1315 limati
470 1263 586 1332 auctor,
608 1249 694 1335 quod
716 1252 746 1314 ei
759 1272 853 1314 nemo
874 1251 1085 1337 imputaverit.
1122 1250 1237 1336 Longe

151 1351 221 1439 plus
242 1373 320 1416 vcro
343 1360 581 1415 controversum
602 1338 736 1433 videtur,
754 1358 857 1414 utrum
883 1349 1007 1415 Ennius
1029 1373 1070 1419 an
1095 1349 1237 1414 Lucilius

151 1452 240 1516 rudis
269 1459 301 1514 et
328 1448 463 1514 Graecis
495 1449 605 1513 intacti
638 1449 787 1531 carminis
820 1458 929 1515 auctor
958 1459 1157 1536 nuncupatus
1188 1450 1237 1532 sit,

152 1550 193 1616 ab
215 1559 348 1635 utraque
368 1558 457 1635 parte
479 1549 620 1634 patronis
651 1548 806 1612 stantibus
832 1549 1041 1634 gravissimis.
1084 1548 1138 1613 Ex
1164 1569 1238 1612 meo

151 1649 271 1715 iudicio
292 1648 417 1713 Ennius
440 1647 636 1734 significatus
659 1657 706 1711 est
727 1670 878 1735 errorque
900 1642 1237 1715 excellentissimorum

152 1752 295 1815 virorum
315 1770 407 1812 secus
429 1748 629 1836 sentientium
649 1748 776 1812 nonnisi
797 1771 839 1812 ex
858 1772 890 1814 v.
912 1748 963 1813 56.
988 1748 1154 1835 profluxit,
1181 1748 1238 1812 ubi

151 1848 293 1915 Lucilius
314 1850 453 1913 saccatur
481 1845 656 1934 appellatus
685 1853 762 1912 est'
784 1846 828 1912 At
854 1870 892 1912 eo
918 1848 989 1913 loco
1017 1848 1169 1913 Horatius
1195 1846 1236 1911 de

79 1998 82 2003 -
153 1972 210 2014 suo
232 1948 369 2035 loquitur
396 1969 517 2034 genere
545 1946 688 2030 satirico,
721 1947 809 2011 cuius
841 1971 919 2012 sane
951 1947 1094 2012 Lucilius
1125 1957 1236 2012 auctor

152 2051 223 2132 fuit3
245 2049 296 2113 hic
319 2046 490 2112 contrade
512 2045 600 2109 rudis
630 2054 660 2109 et
687 2043 821 2111 Graecis
849 2049 959 2112 intacti
985 2049 1133 2112 carminis
1161 2070 1235 2111 con·

154 2150 270 2232 ditore,
303 2148 357 2234 qui
383 2147 441 2210 fuit
466 2146 600 2210 Ennius.
642 2145 880 2232 Distinguenda
911 2147 1040 2233 quidem
1071 2154 1143 2211 sunt
1174 2147 1235 2212 duo

153 2250 269 2314 satirae
290 2247 454 2310 Romanae
476 2265 613 2332 genera,
635 2244 768 2311 alterum
787 2245 888 2311 Ennii
909 2256 940 2310 et
959 2247 1094 2312 Pacuvii
1115 2269 1162 2318 ex
1178 2269 1235 2311 va-

151 2349 208 2414 riis
228 2345 427 2434 poematibus
449 2354 606 2428 constans,
628 2343 761 2409 alterum
774 2345 890 2410 Lucilii
909 2346 996 2410 idem
1015 2355 1150 2410 metrum
1171 2348 1234 2410 sin·

152 2447 236 2534 gulis
257 2447 291 2510 in
311 2446 415 2509 satiris
441 2445 608 2508 servantis.
650 2445 820 2530 Antiquius
847 2467 963 2531 genus,
991 2445 1049 2510 sed
1076 2468 1141 2510 non
1168 2446 1236 2511 sola

153 2546 329 2613 carminum
348 2545 500 2609 varietate
521 2544 655 2607 mixtum
673 2543 718 2609 M.
741 2543 909 2608 Terentius
929 2545 1050 2628 Varro,
1076 2547 1235 2611 recentius

151 2655 224 2735 post
243 2646 279 2710 P.
296 2645 478 2708 Terentium
492 2643 672 2707 Varronem
685 2642 856 2708 Atacinum
875 2652 970 2728 atquc
986 2644 1141 2729 quosdam
1156 2644 1234 2710 alios
1298 2707 1300 2711 .

152 2746 304 2811 Horatius
326 2743 478 2810 exhibuit.
522 2742 682 2823 Quocirca
702 2741 862 2826 Lucilius,
887 2744 946 2807 etsi
965 2745 1086 2830 primus
1107 2744 1235 2809 laudem

152 2847 311 2932 insignem
331 2844 365 2908 in
386 2845 483 2908 satira
504 2842 639 2929 adeptus
662 2850 717 2927 est,
739 2851 851 2907 auctor
863 2850 970 2908 tamen
983 2844 1071 2909 rudis
1087 2853 1118 2908 et
1133 2843 1233 2909 Grae·

154 2947 199 3012 cis
221 2945 330 3011 intacti
345 2943 494 3008 carminis
508 2942 619 3007 vocari
633 2963 698 3006 non
716 2943 825 3029 potuit.
855 2941 940 3022 Quin
954 2944 1025 3030 ipsa
1040 2944 1135 3008 etiarn
1150 2966 1234 3008 com-

151 3047 274 3134 paratio
297 3067 369 3108 cum
383 3041 506 3107 Lucilio
520 3041 683 3108 recondito
697 3041 790 3107 nobis
804 3041 878 3106 ideo
892 3043 996 3107 minus
1010 3042 1124 3130 placet,
1147 3042 1233 3128 quod

153 3169 174 3211 a
186 3167 222 3209 re
243 3144 406 3208 rarissima
425 3143 619 3228 minimeque
636 3141 770 3229 vulgari,
785 3143 862 3207 novi
877 3143 1026 3207 carminis
1041 3144 1234 3227 inventione,

152 3245 286 3333 repetita
307 3251 356 3307 est
375 3263 481 3328 neque
502 3242 585 3307 bene
608 3243 747 3306 concinit
769 3264 841 3314 cum
861 3241 970 3308 verbis
992 3264 1062 3328 sqq.
1086 3266 1235 3329 quamque

143 3358 311 3432 poetaram
336 3343 491 3406 seniorum
517 3341 623 3422 turba,
655 3340 844 3427 quibuscum
872 3342 1018 3406 conferas
1045 3341 1111 3406 Sat.
1139 3342 1182 3425 Π,
1206 3342 1234 3426 7,

152 3445 203 3509 36.
225 3442 362 3508 Mulvius
379 3454 406 3505 et
421 3463 557 3505 scurrae.
581 3439 648 3505 Oia.
664 3441 760 3505 Tusc.
774 3440 833 3524 IV,
847 3439 877 3505 ὃ.
909 3440 1099 3528 Chrysippus
1120 3455 1148 3506 et
1167 3441 1234 3507 Sto·

150 3546 204 3610 ici.
227 3542 325 3608 Cuius
346 3541 474 3628 generis
500 3538 593 3626 plura
617 3540 851 3627 composuimus
872 3539 913 3604 ad
929 3540 1006 3605 Eur.
1024 3540 1145 3607 Phocn.
1162 3540 1232 3605 963.

151 3661 182 3714 V.
200 3661 240 3711 76.
349 3657 378 3708 si
393 3656 460 3708 foret
476 3655 525 3706 hoc
541 3659 658 3706 nostrum
673 3655 728 3707 fato
747 3655 870 3706 dilatus
886 3657 915 3706 in
931 3671 1024 3706 aevum
1040 3691 1124 3699 —

233 3774 277 3838 Η.
300 3795 328 3839 e.
350 3774 382 3838 si
400 3786 487 3837 aetas
507 3772 573 3836 eras
594 3770 694 3837 dilata
705 3771 805 3858 foret.
829 3771 895 3837 Ofr.
912 3770 974 3836 Ov.
996 3770 1051 3835 Tr.
1066 3771 1093 3855 I,
1108 3773 1137 3838 3.
1155 3780 1235 3837 extr.

151 3877 306 3942 abacotcm
325 3875 418 3955 ctum,
439 3873 461 3937 i.
477 3893 506 3936 e.
529 3871 663 3935 absentia
683 3882 821 3952 aetatem,
844 3893 939 3956 quam
955 3869 1101 3936 eamdem
1114 3873 1148 3936 in
1163 3894 1233 3958 spe-

152 3976 235 4040 ciem
261 3973 342 4039 dixit
367 3969 529 4038 Iuvenalis
557 3968 637 4034 XII.
666 3978 746 4034 extr.
795 3971 885 4036 Vivat
907 3971 1079 4054 Pacuvius,
1111 3993 1233 4057 quaeso,

150 4076 200 4141 cel
216 4074 353 4139 Nestora
373 4085 477 4137 totum.
519 4070 611 4158 Ipsas
631 4090 784 4158 personas
804 4093 863 4157 pro
885 4071 949 4135 suis
970 4069 1064 4134 rebus
1085 4071 1232 4157 frequen

150 4174 214 4240 tari
238 4174 303 4238 iam
328 4173 506 4269 montumus
532 4170 576 4238 ad
602 4169 670 4237 sat.
696 4168 723 4254 I,
749 4169 780 4255 2,
809 4169 879 4235 101.
912 4169 1023 4236 Altera
1050 4170 1098 4236 acl
1123 4169 1231 4235 obstat.
