2678 4642
385 242 428 291 ‘m
450 242 639 293 sarmarum
660 243 789 293 nmnun
809 244 942 293 rnmun
1173 227 1212 294 17

121 432 307 496 quaeramus
326 410 411 475 aeria
431 409 504 475 ludo
535 410 570 476 in
600 407 808 497 parenthesin
837 408 1016 495 redigenda
1046 417 1146 476 sunt.
1169 411 1214 476 At

123 508 236 594 qualis,
259 507 377 572 dixerit
397 509 565 596 quispiam,
586 511 649 574 ista
670 516 719 573 est
740 508 889 595 spodosis
909 509 962 574 We
979 533 1107 596 prauam
1127 509 1214 575 eta?

119 606 264 672 Maxime
295 608 411 694 proba,
443 609 585 694 inquam.
627 609 747 691 Deest,
773 617 808 672 ut
833 608 1030 695 saepissime,
1058 610 1135 674 scu'to
1156 603 1243 675 scu*

120 708 168 771 sie
195 707 316 788 habeto,
349 707 442 772 sicuti
467 707 570 795 Epist.
592 707 619 792 Ι,
643 708 671 791 1,
695 708 743 773 13.
770 729 840 793 sqq.
871 708 920 772 Aa
945 731 983 773 ue
1000 710 1091 794 forte
1115 732 1214 796 rupes,

121 829 181 891 quo
201 830 249 870 me
270 805 355 889 duee,
378 829 438 892 quo
458 807 525 873 lare
546 820 643 871 tuter:
662 807 778 896 nudius
795 806 941 872 addictus
954 808 1061 878 iurare
1074 808 1215 873 incurba

121 906 278 993 maptetrt',
306 929 365 991 qua
392 929 440 970 me
466 929 591 992 curaque
618 907 705 992 rapit
730 919 908 992 tempestas,
940 906 1066 994 deferor
1095 906 1213 993 hospes.

122 1003 149 1087 Ι,
165 1004 213 1089 12,
228 1003 279 1069 25.
296 1026 366 1091 sqq.
388 1004 439 1068 Ne
466 1017 567 1069 tamea
593 1006 728 1092 equares,
755 1029 815 1090 qao
836 1007 878 1069 ait
896 1005 1040 1070 Roraaaa
1059 1006 1216 1071 locasse:

125 1103 280 1169 Cantaber
305 1104 483 1191 Aputppae,
514 1103 630 1169 Claudi
653 1106 765 1168 ue‘rtute
790 1104 928 1169 Neronis
952 1105 1119 1170 Areuanias
1140 1106 1215 1170 ceci·

121 1202 179 1266 dit.
202 1201 268 1267 cfr.
280 1201 383 1288 Epist.
394 1202 421 1285 I,
435 1203 483 1286 18,
495 1203 545 1267 58.
562 1225 631 1289 sqq.
643 1203 670 1287 Ι,
687 1203 736 1286 19,
748 1203 800 1267 26.
815 1224 885 1289 sqq.
897 1203 949 1268 35.
961 1224 1030 1290 sqq.
1041 1203 1085 1287 H,
1102 1205 1129 1288 1,
1141 1204 1212 1269 208.
1228 1216 1231 1221 ’

121 1323 191 1387 sqq.
229 1300 296 1367 Sat.
318 1303 345 1386 Ι,
373 1302 403 1385 2,
429 1302 481 1367 23.
513 1301 557 1385 Π,
586 1303 614 1386 1,
640 1303 691 1367 80.
709 1324 783 1388 sqq.
819 1302 914 1386 Π,2,
938 1302 1008 1366 112.
1030 1325 1099 1389 sqq.
1150 1303 1214 1368 Pro
1248 1387 1251 1394 ¹

120 1410 240 1487 puncto
261 1402 359 1488 igitur
378 1410 451 1488 post
470 1401 543 1466 ludo
558 1400 689 1487 vulgato
706 1400 798 1466 colon
811 1401 1041 1466 restituendum
1055 1410 1113 1467 cst.
1144 1401 1215 1467 Nec

121 1498 258 1587 amplius
285 1500 383 1566 velim
409 1499 512 1566 verba
538 1513 572 1564 ut
599 1502 657 1586 qui
678 1501 832 1566 iocularia
864 1522 937 1566 cum
965 1500 1092 1565 Horatii
1118 1500 1213 1566 inter-

120 1599 265 1686 pretibus
287 1598 453 1685 explicari.
485 1599 571 1664 Male
593 1599 723 1686 quidem
743 1599 907 1665 Bentleius
929 1600 973 1665 ad
993 1599 1061 1665 Sat.
1076 1599 1103 1684 Ι,
1118 1600 1148 1684 8,
1162 1600 1213 1666 32.
1262 1677 1267 1688 .

122 1699 300 1775 construxit
321 1713 356 1764 ut
376 1699 432 1784 qai
449 1699 603 1763 ioculam'a
622 1699 730 1763 rr'deus
751 1712 808 1781 est,
835 1699 970 1784 proinde
996 1701 1090 1784 quasi
1118 1700 1215 1765 etiam
1300 1755 1303 1762 ,

121 1800 207 1864 seria
219 1798 454 1884 rr'dera‘queaut.
489 1797 555 1861 Alii
572 1799 732 1884 percurrit
751 1798 907 1884 supplent,
929 1799 982 1862 cui
996 1799 1098 1864 verbo
1112 1798 1213 1864 Hein-

122 1897 240 1962 dcrtius
265 1910 377 1962 narrat
402 1897 614 1981 anteferebat,
645 1897 686 1962 de
713 1895 776 1961 hac
805 1896 908 1984 ellipsi
932 1896 1112 1962 Bentleium
1140 1897 1161 1964 l.
1184 1921 1213 1964 c.
1247 1913 1250 1918 '

77 1992 89 2017 “·
121 2004 263 2081 testatus,
286 1996 403 2082 quide
424 1995 525 2061 verbo
547 2020 611 2060 esse
632 1994 808 2083 supplenda
831 1997 906 2083 egit.
939 1995 1006 2060 Alii
1025 1996 1132 2062 ru'deus
1141 2021 1214 2084 per

122 2098 222 2162 eum't
242 2105 348 2161 mente
370 2097 560 2183 concipiunt.
592 2095 637 2159 At
649 2118 711 2160 nec
718 2098 880 2182 percurrat
899 2117 1004 2182 neque
1025 2096 1214 2184 rideasper-

123 2197 223 2260 curuu't
250 2197 356 2262 animo
384 2194 622 2282 suggerendum
650 2204 711 2279 est,
739 2194 797 2260 sed
823 2194 959 2260 verbum
985 2195 1069 2283 aqit,
1090 2204 1124 2260 ut
1144 2195 1213 2262 Cic.

100 2293 197 2359 rin.
219 2295 263 2379 Π,
284 2295 335 2360 26.
360 2297 484 2380 quicum
503 2296 587 2378 ioca,
609 2296 707 2378 sema,
733 2307 767 2359 ut
788 2294 913 2379 dicutur,
942 2296 1065 2381 quicum
1085 2320 1213 2391 arcana,

122 2396 246 2479 quicum
266 2394 385 2460 cacata
406 2394 531 2459 amaia?
623 2414 624 2418 ’
718 2383 722 2392 ’

122 2525 154 2578 V·
171 2527 211 2580 28.
230 2542 286 2593 sqq.
324 2526 373 2576 Ille
389 2541 496 2592 gravem
512 2526 577 2576 duro
594 2531 688 2576 terram
705 2526 751 2593 qui
766 2527 955 2588 versentano,

318 2609 470 2659 Perfidus
487 2608 538 2658 hic
555 2625 668 2675 caupo,
685 2608 759 2659 miles
775 2613 931 2674 nautaeque,
947 2623 994 2675 per
1010 2624 1086 2660 omne

320 2691 441 2741 Audaces
458 2707 529 2742 mare
546 2692 591 2757 qui
607 2697 719 2755 cmmmt,
736 2691 787 2741 hac
804 2690 890 2742 niente
905 2690 1022 2743 laborem
1116 2690 1120 2697 '

320 2773 384 2824 Sese
400 2774 478 2839 ferre,
496 2789 571 2825 senes
587 2779 617 2825 ut
632 2774 661 2824 iu
677 2774 731 2825 otia
747 2778 804 2825 tnta
819 2774 949 2839 recedent,

319 2855 400 2907 Aiunt
415 2885 449 2895 -
468 2900 470 2906 .

207 2985 272 3068 Qui
298 2996 416 3052 sortem
448 3011 538 3053 suam
569 3011 669 3075 supra
694 2997 942 3074 accusaverant,
972 3009 1078 3075 neque
1105 2995 1213 3053 tamen

123 3084 293 3151 voluerant
313 3109 386 3151 cum
407 3086 472 3152 alia
494 3097 703 3171 commutare,
732 3103 843 3154 eorum
863 3089 929 3154 iam
950 3110 1050 3154 causa
1071 3089 1212 3173 affertur,

125 3186 236 3250 curin
255 3187 342 3251 vitae
364 3208 441 3253 suae
464 3187 646 3253 conditione
675 3188 884 3274 acquiescere
910 3210 1026 3275 resque
1053 3209 1128 3253 suas
1155 3187 1211 3254 ad-

124 3306 237 3350 versas
268 3286 413 3373 perferre
446 3285 567 3352 malint.
626 3287 718 3368 Quae
749 3286 880 3374 quidem
911 3310 1009 3353 causa
1041 3308 1137 3373 quum
1169 3287 1212 3353 ad
1277 3344 1278 3348 ,

122 3373 381 3450 iurisccnsultum
401 3387 541 3473 gratuito
562 3386 810 3474 respondentem
829 3408 894 3451 non
916 3386 1098 3473 quadraret,
1119 3387 1148 3451 is
1168 3385 1211 3452 ab

121 3483 257 3549 Horatia
279 3484 332 3550 hic
354 3485 489 3551 omissus
511 3495 568 3551 est.
611 3485 656 3550 Ut
677 3493 784 3551 autem
804 3484 890 3550 idem
918 3486 1033 3551 saltem
1059 3505 1216 3551 numerus·

123 3581 227 3648 denuc
250 3585 285 3648 in
299 3607 429 3650 scenam
442 3585 595 3673 prodiret,
618 3585 793 3650 secuudum
810 3584 981 3672 plerosque
995 3583 1091 3650 MSS.
1106 3584 1212 3650 locum

120 3683 336 3766 iurisconsulti
356 3685 496 3772 perfidus
519 3706 621 3773 carrpo
644 3685 828 3771 occupavit,
850 3706 933 3771 quae
955 3707 1042 3750 nova
1061 3706 1210 3773 persona,

121 3783 184 3846 nisi
204 3783 259 3869 qui
279 3793 408 3869 praeter
428 3785 533 3871 ipsum
553 3807 721 3849 numerum
742 3784 980 3870 quaternarium
1004 3783 1084 3848 nihil
1111 3792 1210 3868 curat,

121 3883 242 3946 nemini
267 3891 371 3969 potest
399 3883 553 3949 arridere.
598 3883 699 3968 Quid,
726 3884 876 3967 obsecro,
902 3883 956 3948 ille
983 3882 1101 3949 nebulo
1127 3884 1210 3948 inter

120 3979 272 4046 honestos
305 3981 450 4048 homines
482 3983 681 4048 laboriosos?
739 3983 824 4064 Quid
856 3982 962 4048 'eidem
994 4004 1066 4066 cum
1098 3982 1211 4050 sedula

120 4080 261 4162 formica
278 4082 466 4148 commune?
496 4082 631 4164 Quando
653 4083 712 4148 iste
733 4083 879 4148 tenebris
901 4081 1061 4147 fervidum
1083 4090 1207 4148 aestum

123 4190 178 4246 aut
197 4179 351 4268 hiemem,
372 4183 497 4271 ignem,
522 4205 626 4267 mare,
654 4183 775 4249 ferrum
801 4180 882 4250 lucri
908 4204 1007 4249 causa
1032 4181 1210 4248 sustineat?

995 4283 1012 4335 2
