2678 4642
325 238 361 286 nr
382 235 572 286 sammon
592 231 730 309 amnon
743 231 928 311 sncuunun
1108 212 1167 279 111

83 403 428 490 V.Sat.1,1‚108.
476 399 639 466 Meinekio
666 399 699 466 tu
719 407 797 487 post
820 399 935 466 semb’s
965 396 1168 465 inserendum
1225 461 1227 465 ,

82 504 219 570 videtur.
979 536 981 540 ν

83 635 115 689 V.
132 638 156 691 t.
173 652 231 704 sqq.
787 633 828 686 At
842 633 907 698 ipsis

281 718 464 771 saturnalibus
480 717 533 768 huc
548 715 647 784 fugisti.
681 716 818 768 Sobrius
835 732 897 783 ergo

280 803 331 862 Dic
347 801 447 869 aliquid
463 800 572 868 dignum
587 800 721 866 promissis
737 831 818 843 --

167 933 270 1000 Varia
289 934 384 1001 lectio
406 934 445 999 ab
466 933 545 1020 ursis
566 955 609 997 ex
635 931 749 998 eodem
770 933 873 998 evasit
898 930 1100 997 librariorum
1121 953 1170 997 er·

86 1054 168 1118 rore,
189 1034 274 1099 unde
297 1033 363 1099 Sat.
385 1034 412 1118 1,
434 1034 463 1117 6,
484 1033 535 1098 87.
563 1033 683 1098 adhoc
705 1041 736 1096 et
757 1031 823 1097 Sat.
845 1031 889 1115 H,
911 1032 941 1115 6,
962 1031 1013 1096 54.
1042 1032 1086 1096 ad
1110 1055 1171 1096 om-

86 1157 141 1199 nes
160 1156 219 1221 pro
241 1147 275 1198 et
294 1134 352 1199 hoc
374 1123 405 1197 et
425 1146 459 1197 at
480 1156 582 1198 omnes
604 1133 730 1197 exstitit.
759 1131 866 1218 Magis
881 1130 922 1195 de
938 1152 976 1196 eo
999 1131 1172 1218 disceptari

84 1255 180 1320 posse
201 1233 338 1318 videtur,
358 1242 464 1296 utrum
484 1233 607 1297 seberus
628 1231 671 1296 ad
682 1233 808 1320 fegisti
824 1253 866 1295 an
880 1230 922 1295 ad
937 1230 989 1295 dic
1002 1232 1171 1317 pertineat.

87 1331 156 1397 Sed
176 1334 204 1397 si
223 1333 436 1420 praemissum
458 1323 664 1418 opprobrium
692 1330 788 1418 (qood
812 1331 1063 1418 victumaeque
1090 1331 1172 1396 beai·

84 1456 166 1520 qnos
185 1433 234 1498 uit
245 1433 374 1520 drusum
387 1455 525 1497 sermone
539 1431 645 1513 cauas)
660 1431 853 1517 respexeris,
868 1430 899 1494 ei
912 1431 1173 1516 provocationem

87 1532 211 1596 sobrius
241 1556 314 1621 ergo
346 1532 398 1596 dic
429 1530 553 1618 aliqoid
582 1530 708 1618 daucum
736 1531 904 1617 promissis
926 1531 1173 1617 contrapositam

89 1653 161 1696 esse
182 1632 240 1696 vix
261 1631 419 1718 ambiges.
461 1631 634 1716 Postquam
656 1631 741 1694 enim
765 1629 982 1716 Damasippus
1008 1631 1043 1694 in
1068 1629 1173 1694 Hora-

88 1731 167 1795 tium
193 1730 315 1796 Romae
347 1730 547 1796 desidentem
580 1739 612 1794 et
642 1730 718 1794 vino
750 1751 924 1816 somnoque
955 1729 1174 1815 indulgentem

89 1831 234 1896 invectus
256 1838 319 1915 est,
351 1829 393 1895 ad
415 1830 560 1895 eiusdem
589 1831 691 1894 vitam
721 1831 874 1894 rusticam
905 1852 976 1895 sese
1009 1829 1174 1912 convertit,

90 1952 187 2016 quam
215 1929 448 2016 quodammodo
475 1923 708 1993 incusationem
740 1952 831 1994 suam
854 1938 1033 1995 retractans
1065 1949 1108 1993 ex
1135 1948 1174 1992 eo

90 2029 213 2116 colligit
232 2030 373 2095 sobriam
394 2031 475 2114 esse,
497 2028 700 2115 quodpoeta
719 2029 798 2114 ipsis
827 2028 1056 2112 saturnalibus,
1084 2027 1174 2092 ebrio

89 2151 129 2195 ac
150 2131 324 2195 vomitante
345 2128 462 2216 populo
483 2129 637 2212 Romano,
658 2151 712 2193 rus
733 2129 862 2214 fugerit.
899 2128 1048 2193 Sobrium
1070 2134 1176 2192 autem

91 2228 273 2316 aretalogus
295 2228 468 2294 arbitratur
488 2228 671 2294 facultatem
696 2228 756 2293 rite
784 2228 935 2294 cantandi
956 2248 1175 2315 recuperasse,

90 2351 186 2415 quam
224 2330 300 2394 vino
333 2350 507 2415 somnoque
544 2328 668 2393 deditus
700 2327 885 2414 perdiderit.
941 2327 1068 2393 Idcirco
1102 2349 1176 2392 cum

91 2450 130 2495 eo
151 2430 186 2494 in
208 2429 333 2494 desidia
351 2435 579 2516 perseverante
601 2428 642 2493 de
661 2427 766 2493 multis
782 2437 813 2493 et
825 2427 998 2515 praeclaris
1010 2426 1176 2514 promissis

90 2529 278 2617 expostulat.
322 2528 443 2594 Contra
470 2529 651 2594 coniunctio
673 2527 845 2593 verborum
867 2543 900 2594 et
926 2530 1007 2614 ipsis
1032 2540 1176 2592 saturne·

90 2630 172 2696 libes
192 2631 251 2694 loe
263 2630 389 2716 sepsisti
406 2630 528 2694 sobrios
548 2630 653 2692 minus
679 2637 728 2693 est
744 2627 930 2711 laudabilis,
953 2628 1029 2714 quia
1049 2625 1176 2713 supple,

91 2739 235 2794 mentum
254 2730 360 2816 aequus
381 2727 473 2793 altius
494 2728 705 2816 repetendum
730 2736 778 2792 est
803 2721 896 2815 atque
918 2727 992 2792 solis
1014 2727 1047 2791 in
1067 2726 1177 2793 verbis

92 2843 127 2894 at
146 2831 225 2915 apsis
245 2828 459 2892 aeternalibus
479 2828 538 2893 boc
550 2829 634 2914 fugi
648 2827 771 2892 sobrius
791 2836 857 2913 tota
870 2826 998 2892 Horatii
1012 2826 1178 2913 oppositio,

94 2929 122 2992 si
143 2929 208 2991 iam
229 2936 315 2991 esset
335 2926 530 3010 adversatus,
551 2924 637 2990 haud
659 2925 756 2991 dubie
776 2948 841 2990 non
870 2926 1070 2991 constitisset.
1112 2925 1177 2989 Ne·

94 3049 156 3115 que
168 3027 294 3116 fegisti
312 3024 507 3090 adiectivum
526 3025 650 3090 sobrius
671 3025 790 3112 exigit,
816 3025 974 3111 siquidem
1002 3024 1109 3092 ebrius
1129 3024 1177 3097 fu·

94 3149 172 3214 gere
193 3149 259 3191 non
279 3124 369 3202 solet.

93 3277 126 3330 V.
145 3278 183 3329 11.
200 3292 238 3343 sq.
294 3277 424 3339 Quorsum
440 3275 563 3341 pertinuit
579 3275 675 3340 stipare
690 3275 803 3327 Platona
818 3274 971 3338 Menandro,

291 3359 414 3425 Eupolin,
431 3359 654 3410 Archilochum
672 3361 778 3411 comites
794 3361 904 3411 educere
919 3360 1023 3410 tantos?

176 3491 394 3556 Recensentur
414 3502 577 3577 auctores,
604 3516 684 3580 quos
704 3493 856 3558 Horatius
876 3493 1050 3580 praecipue
1071 3513 1179 3558 versa·

95 3590 160 3657 bat.
192 3589 314 3655 Eorum
341 3593 491 3679 princeps
520 3601 568 3657 est
591 3593 695 3677 Plato,
728 3595 781 3659 cui
811 3592 1003 3676 Menander,
1035 3591 1181 3679 Eupolis,

96 3689 307 3755 Archilochus
329 3692 553 3778 adiunguntur.
596 3693 711 3778 Itaque
732 3692 885 3771 mittenda
906 3701 954 3756 est
973 3715 1004 3758 v.
1027 3690 1047 3756 l.
1069 3693 1181 3756 Archi-

96 3792 193 3874 locho,
215 3800 323 3878 utpote
345 3814 428 3877 quae
449 3813 546 3857 unam
567 3802 731 3857 auctorum
752 3794 869 3858 seriem
890 3790 974 3856 male
1002 3791 1126 3856 dividat
1147 3792 1181 3854 in

95 3891 188 3957 duas.
232 3891 382 3956 Ceterum
402 3890 569 3956 Platonem
593 3891 737 3979 intelligo
764 3891 1003 3979 philosophum,
1031 3891 1181 3976 quoniam

97 3991 232 4075 Satirae,
255 3991 296 4056 de
317 3990 432 4076 quibus
453 3991 609 4057 faciendis
631 3991 813 4078 aretalogus
835 3992 918 4078 agit,
940 3992 1062 4077 pariter
1083 4000 1180 4076 atque

96 4093 264 4179 Epistolae
278 4092 404 4156 Horatii
418 4091 488 4178 plus
502 4093 647 4158 minusve
662 4114 824 4158 sermones
839 4100 911 4155 sunt
925 4090 1092 4173 Socratici,
1113 4091 1181 4176 qui-

95 4191 159 4259 bus
178 4195 246 4282 ipse
268 4215 303 4260 se
324 4191 455 4259 madere
477 4191 558 4257 dixit
572 4192 678 4259 Germ.
693 4193 755 4277 HI,
777 4193 827 4275 21,
843 4192 872 4256 9.
895 4213 953 4277 sq,
975 4190 1031 4257 ubi
1053 4190 1182 4278 quidem
