2678 4642
373 224 408 273 m
429 222 619 272 sarmnnuu
639 221 767 270 LIBRUM
787 222 919 269 rancun
1150 203 1192 270 to

254 423 257 427 >
307 390 443 441 Humanas
459 388 568 452 animos,
585 387 632 438 has
649 387 722 439 nullo
739 387 845 452 perdere
861 397 968 452 possum

308 473 363 534 Nec
378 473 515 538 prohibere
530 472 607 522 modo
624 504 708 516 ...-

27 634 31 641 .
106 645 109 651 ,
144 566 161 613 s
189 571 325 660 Priapus
346 571 412 636 iam
433 570 476 636 ad
497 579 591 657 caput
603 569 652 634 rei
665 567 846 633 narrandae
861 590 896 634 se
911 570 1074 634 convertit.
1095 570 1193 634 >Lau-

15 716 18 720 -
57 741 60 747 .
93 671 192 750 ‚datis
219 669 371 757 Esquiliis
396 692 481 735 nuno
504 668 600 757 plane
627 669 824 735 commutatis
850 669 932 734 inter
956 691 1009 734 res
1030 669 1194 753 adversas,

85 770 300 858 *quibuscum
327 770 391 835 sibi
415 768 659 835 conflictandum
685 769 739 851 sit,
769 767 908 832 maxime
935 769 1095 834 veneficas
1122 791 1195 834 ossa

62 859 69 898 ²
107 869 289 955 herbasque
310 869 453 956 legentes
475 871 665 955 conquestus
685 876 848 952 tamquam
861 869 1024 954 specimen
1036 868 1193 934 molestia-

58 991 60 996 ·
107 992 180 1036 rum
207 991 337 1035 suarum
364 970 516 1056 mysteria
542 991 563 1035 a
588 967 724 1061 Canidia
750 977 781 1033 et
807 967 938 1054 Sagana
962 969 1082 1033 maiore
1110 968 1196 1033 facta

70 1073 72 1076 ’
109 1069 278 1158 depromit.
321 1068 415 1134 Nova
441 1069 538 1155 igitur
564 1069 720 1133 sententia
741 1090 762 1134 a
782 1090 813 1134 v.
838 1068 887 1133 17.
914 1068 1027 1154 incipit
1049 1067 1195 1154 maleque

41 1161 43 1167 ’
73 1163 75 1168 ”
108 1177 202 1256 mam
228 1168 272 1233 ad
292 1177 515 1254 antegressum
536 1191 618 1232 nanc
639 1189 659 1233 a
679 1167 836 1232 nonnullis
856 1190 910 1232 vv.
933 1166 986 1231 dd.
1009 1166 1196 1254 applicatur,

108 1269 299 1357 pracsertim
324 1289 420 1353 quum
444 1266 520 1332 huic
545 1265 703 1332 vocabulo
728 1267 924 1354 subsequens
945 1266 1035 1332 modo
1057 1265 1196 1331 dilucide

110 1369 293 1455 oppositum
324 1367 364 1430 sit
410 1374 445 1430 ut
476 1365 516 1430 de
551 1366 621 1430 aliis
655 1367 759 1431 causis
793 1365 1035 1432 adversantibus
1061 1375 1195 1433 taceam.

108 1468 180 1535 Neo
200 1477 307 1532 tamen
327 1467 411 1552 parit,
434 1465 520 1552 quod
541 1466 678 1530 coniecit
697 1465 870 1531 Horkelius
887 1465 1062 1549 anal.*Hor.
1076 1489 1108 1551 p.
1126 1466 1196 1532 123.

110 1590 194 1653 sqq,
216 1566 369 1653 adoptare
391 1564 474 1648 licet,
497 1566 647 1650 quoniam
667 1566 800 1652 Priapus
822 1565 862 1630 de
884 1588 962 1630 cura
979 1573 1073 1651 atque
1087 1564 1197 1630 labore

110 1688 176 1757 suo,
196 1665 352 1730 nihildum
376 1665 517 1752 protulit,
548 1673 583 1728 ut
602 1687 667 1730 non
686 1674 807 1752 pateat,
834 1664 913 1749 quid
932 1665 995 1730 sibi
1015 1666 1090 1750 qaia
1109 1664 1197 1730 velit.

112 1765 227 1852 Neque
250 1775 297 1830 est
317 1766 454 1848 omnino,
477 1786 533 1829 cur
553 1788 646 1849 qoam
667 1765 818 1851 corrigas,
841 1764 1011 1830 dummodo
1032 1774 1120 1829 recte
1141 1786 1196 1828 ex·

112 1866 275 1952 plicueris.
315 1865 476 1949 Designat
495 1863 644 1928 nimirum
664 1864 685 1927 i.
708 1885 739 1949 q.
760 1864 908 1951 quamuis,
929 1862 1026 1928 veluti
1046 1864 1149 1949 Epist.
1171 1862 1199 1947 Ι,

49 2031 52 2036 ,
113 1967 147 2048 6,
174 1964 226 2029 25.
260 1964 312 2048 Π,
337 1964 372 2047 2,
398 1963 467 2048 153.
503 1961 569 2026 Sat.
598 1962 648 2046 11,
675 1963 785 2046 1,40.
815 1962 864 2028 65.
899 1961 1005 2028 Carm.
1027 1962 1059 2046 Ι,
1085 1962 1119 2047 1,
1146 1962 1198 2028 21.

113 2063 317 2150 Quapropter
331 2064 428 2127 etiam
442 2063 512 2144 sciat,
534 2060 619 2148 q'uod
633 2061 775 2127 nonnulli
789 2062 871 2127 (ldd.
887 2070 1121 2144 conservarunt,
1142 2084 1198 2148 ge·
1230 2144 1235 2153 ἱ

111 2165 245 2242 nuinum
265 2164 400 2228 videtur.
437 2161 532 2227 Certe
554 2163 772 2229 coniunctivus
793 2162 964 2228 indicativo
986 2162 1081 2250 longe
1102 2162 1198 2227 usita-

110 2263 176 2354 tior
195 2262 385 2351 iudicandus
407 2269 464 2327 est.
565 2337 568 2342 ¹

111 2396 143 2448 V.
160 2397 201 2449 28.
218 2411 257 2462 sq.
639 2389 640 2392 ’
895 2399 925 2446 ut
940 2396 1002 2447 inde

75 2489 78 2494 ·
326 2477 435 2529 Manes
456 2477 578 2530 elicerent
598 2477 721 2529 animas
741 2494 868 2545 responsa
883 2479 998 2530 datmas.

194 2579 306 2643 Manca
327 2587 358 2642 et
389 2580 511 2644 animae
535 2600 599 2643 non
619 2577 703 2642 male
726 2588 972 2664 componuntur,
993 2577 1052 2643 sed
1064 2577 1200 2663 subolae

58 2712 60 2716 r
114 2702 221 2744 mones
242 2679 348 2764 inepte
371 2685 599 2745 connectuntur
619 2677 725 2744 Carm.
745 2678 816 2763 I,4,
832 2678 881 2743 16.
914 2677 985 2743 Nec
1004 2699 1082 2742 vero
1104 2677 1201 2741 ullum

114 2776 309 2843 vocabulum
328 2778 375 2842 ibi
397 2776 630 2863 corrigendum,
653 2777 711 2841 sed
731 2777 826 2842 modo
844 2786 916 2863 post
927 2778 1119 2863 fabulaeque
1132 2785 1200 2842 tan·

117 2877 191 2942 dem
214 2899 338 2941 comma
358 2875 562 2963 inserendum
582 2884 638 2958 est,
659 2885 694 2940 ut
714 2877 808 2941 docet
828 2876 957 2940 Persius
971 2876 1012 2959 V,
1031 2877 1100 2940 152.
1122 2877 1202 2941 ccam

113 2990 143 3042 et
162 3000 267 3041 mones
288 2989 317 3040 ct
333 2975 452 3061 fabola
471 2976 541 3060 fica.
583 2973 649 3040 Otr.
671 2974 765 3040 Mart.
786 2974 870 3059 XII,
892 2975 953 3058 52,
971 2974 1002 3040 5.
1035 2976 1145 3041 Dulcis
1164 2977 1199 3042 io

41 3130 43 3134 i
113 3077 223 3163 Elysio
243 3077 389 3140 narraras
400 3075 519 3162 fabulo
541 3098 659 3160 compo.

114 3193 146 3245 V.
163 3195 203 3245 32.
221 3209 259 3259 sq.
294 3191 377 3242 Cerea
393 3191 543 3256 suppliciter
560 3191 654 3255 stabat,
672 3190 809 3241 servilibus
825 3195 860 3242 ut
876 3204 961 3257 quae

244 3307 245 3310 =
296 3275 353 3324 Iam
369 3275 483 3339 peritura
498 3273 590 3343 modis.

198 3374 241 3439 Η.
264 3397 292 3438 3.
315 3398 405 3440 cereo
424 3373 471 3439 sic
492 3373 672 3459 suppliciter
692 3373 803 3456 stabat,
824 3387 859 3438 ot
872 3397 950 3459 quoe
967 3373 1128 3438 seruilibus
1141 3397 1204 3438 mo-

117 3472 169 3538 dis
189 3475 253 3537 iam
271 3476 426 3560 peratore.
440 3485 531 3555 esset,
558 3472 656 3538 veluti
678 3471 800 3537 Caesar
820 3474 947 3560 scripsit
966 3474 1013 3537 B.
1027 3472 1068 3537 G.
1090 3473 1131 3557 V,
1152 3474 1203 3539 31.

115 3573 228 3636 Prclno
247 3572 313 3637 luce
333 3574 379 3637 sio
400 3596 439 3637 eor
460 3573 573 3636 castris
586 3573 838 3659 prrplm‘soootar,
859 3574 1024 3658 atquibus
1046 3585 1123 3637 essct
1134 3597 1204 3658 pcr-

117 3696 259 3753 soooam,
280 3696 341 3736 noa
362 3673 401 3736 ab
422 3673 519 3754 hoste,
541 3671 598 3737 aad
617 3672 656 3736 ob
677 3673 797 3737 domine
817 3674 1005 3737 amictasimo
1025 3674 1205 3761 Ambiorige

119 3772 281 3836 consilium
302 3771 422 3854 dotum,
450 3772 627 3859 laspiniano
649 3774 768 3860 agrariae
788 3773 991 3857 mammisque
1011 3773 1206 3856 impericiam·

118 3873 169 3937 tis.
203 3870 370 3956 Scriptura
389 3883 480 3954 atque
500 3870 611 3935 itidem
631 3881 707 3938 nata
729 3880 785 3956 est,
806 3870 852 3936 uti
866 3873 1041 3957 oucilc‘oqae
1055 3870 1123 3935 Sat.
1138 3865 1165 3954 I,
1176 3871 1207 3957 4,

120 3971 191 4034 141.
217 3969 379 4054 multaque
410 3968 535 4035 similia.
593 3971 743 4038 Ceterum
773 3971 934 4036 servilibus
961 3969 1062 4034 modis
1086 3972 1208 4057 passim

121 4093 194 4135 cum
219 4071 321 4135 stabat
347 4067 431 4140 male
451 4069 614 4156 iungitur,
632 4095 707 4137 nam
732 4071 818 4136 servi
837 4092 902 4136 non
924 4078 971 4136 est
992 4092 1118 4159 semper
1137 4095 1208 4159 sup·

115 4171 246 4257 pliciter
266 4178 361 4256 stare,
383 4169 443 4236 sed
462 4171 566 4256 potius
587 4175 688 4260 capite
708 4172 836 4258 odstqoo.
