2678 4642
389 224 425 274 nu
446 188 636 274 snrmlauu
656 223 785 273 maun
804 222 937 274 enmun
993 298 997 308 Ι
1170 205 1212 271 33

122 390 240 480 Ia'prpus)
267 389 417 478 requirit,
448 408 551 477 quum*
571 411 638 455 vox
664 389 748 455 mula
771 409 901 477 prorsus
929 387 1030 454 otiosa
1054 386 1210 474 videatur,

121 501 158 557 ut
178 490 356 578 perspicies
378 513 420 555 ex
440 488 508 556 Sat.
529 489 574 574 Π,
594 489 625 573 3,
645 489 718 556 324.
763 491 895 572 Tenem,
920 488 1128 575 Domuum,
1149 489 1212 554 tusis

122 603 162 657 te.
197 589 293 655 Unde
314 588 487 656 vehemens
509 589 607 654 oritur
628 589 784 676 suspioiq'
798 588 963 674 vulgatum
982 588 1066 653 mela
1085 588 1212 654 nonnisi

122 711 168 754 ex
191 697 400 777 praepostera
426 687 637 776 applicatione
665 688 708 754 od
733 686 926 753 antecedens
946 700 1002 752 tue
1021 695 1211 774 prognatum

122 810 216 855 esse·
258 788 319 853 Est
344 796 449 853 autem
468 787 640 874 pervideas
663 787 743 852 mule
767 787 872 873 leppus
896 785 975 851 nihil
1000 785 1088 851 aliud
1114 809 1212 873 quom

123 889 249 953 molesme
262 886 380 969 calleas,
396 885 665 974 quemadmodum
679 884 854 972 Sophocles
866 885 947 950 dixit
957 883 997 949 O.
1008 883 1046 949 R.
1061 885 1150 950 1273.
1163 907 1211 972 sq.

123 1003 187 1056 eet·
207 1002 238 1056 ῖν
259 997 346 1066 σκότῳ
358 995 388 1054 td
408 995 509 1054 losada
527 995 576 1057 aiis
588 997 644 1070 priv
660 995 710 1053 oria
727 999 785 1053 idas
802 995 932 1069 imolet’,
950 995 998 1055 oie
1012 995 1040 1051 δ’
1054 999 1163 1074 ἔχρῃζεν
1180 999 1214 1054 αῖ

122 1107 283 1174 procoma.
324 1085 438 1171 Neque
459 1084 552 1150 aliter
571 1084 724 1149 Horatius
747 1083 814 1149 Sat.
832 1085 859 1167 Ι,
874 1085 903 1168 2,
918 1084 969 1148 91.
984 1106 1032 1169 sq.
1064 1085 1214 1171 Hypsaeo

123 1187 246 1251 eoem'or
266 1184 536 1271 illaqueemur
556 1196 635 1266 suut,
658 1180 784 1269 spectes.
822 1181 889 1248 cfr.
912 1181 980 1249 Sat.
1001 1182 1028 1268 Ι,
1051 1183 1100 1267 10,
1121 1184 1152 1250 5.
1164 1205 1212 1272 sq.
1243 1240 1251 1256 .

121 1285 183 1370 qui
199 1283 326 1348 multum
341 1307 423 1370 puer
444 1296 473 1348 et
492 1283 571 1347 loris
591 1295 620 1347 et
631 1284 770 1369 sumbus
789 1282 863 1348 udis
884 1295 1046 1365 emeramus,
1070 1283 1092 1348 i.
1115 1303 1143 1348 e.
1166 1307 1214 1348 oe·

121 1383 275 1448 dementer
303 1383 489 1448 verberamus.
532 1380 584 1465 Π,
607 1382 641 1466 1,
666 1381 937 1468 tarquinum,
963 1393 998 1446 ut
1016 1405 1112 1467 meque
1132 1384 1215 1458 ealee

120 1482 216 1569 lupus
235 1505 415 1568 quemquam
433 1504 530 1567 meque
551 1479 640 1545 deme
652 1482 736 1567 petit
756 1482 826 1564 bos,
851 1479 874 1546 i.
897 1502 925 1546 e.
947 1482 1071 1551 oeemsme
1091 1483 1213 1548 melum.

121 1580 168 1663 Π,
189 1582 220 1664 2,
244 1581 314 1646 123.
348 1581 425 1646 Post
445 1582 502 1645 boe
522 1579 615 1644 ludus
636 1593 704 1645 erut
724 1581 816 1667 eulpa
828 1592 945 1666 potore
964 1583 1125 1669 mopeiotra,
1146 1578 1168 1647 i.
1184 1603 1213 1646 e.

121 1682 277 1768 mapistre
292 1693 401 1766 potum
422 1680 563 1766 culpante
583 1678 652 1744 sive
666 1692 747 1765 potu
762 1679 937 1745 interdicte.
968 1678 1012 1763 H,
1023 1680 1057 1764 ’6,
1070 1680 1122 1746 46.
1136 1704 1215 1766 quae

121 1781 243 1845 simmaa
262 1780 335 1844 deme
356 1778 553 1866 deportantur
572 1779 607 1843 iu
627 1802 713 1844 aure.
750 1778 855 1865 Epist.
876 1777 903 1862 Ι,
926 1778 975 1862 11,
996 1779 1047 1844 28.
1080 1777 1215 1846 Strenuo

121 1903 182 1946 mos
208 1891 329 1944 eaereet
355 1879 479 1943 eiterts'a.
523 1875 630 1943 Oarm.
652 1876 685 1962 Ι,
714 1877 751 1962 6,
778 1878 828 1943 17.
849 1899 897 1964 sq.
914 1877 1040 1964 proelio
1058 1880 1214 1971 qirpeieum

123 1979 218 2045 secat
238 1979 272 2043 e'u
292 1979 417 2043 cucanea
435 1977 591 2065 umpuibue
610 1978 740 2042 omium.
783 1976 849 2062 ΙΠ,
878 1976 910 2061 7,
936 1976 997 2042 21.
1009 1998 1057 2064 sq.
1079 1978 1215 2066 seopulis

122 2077 254 2143 surdior
272 2076 366 2143 Icari
381 2099 470 2141 uoces
491 2075 581 2141 audit
601 2077 703 2142 adduc
722 2078 849 2177 ebteqer.

123 2211 156 2262 V.
174 2211 215 2264 29.
232 2225 289 2278 sqq.
321 2208 474 2260 Iracundior
490 2213 530 2259 est
545 2208 644 2275 paullo,
660 2209 765 2263 minue
782 2213 876 2275 aptus
893 2210 1001 2260 acutis

323 2291 467 2342 Naribus
492 2290 603 2342 horum
627 2292 795 2344 hominum.
817 2292 933 2353 ¹Rideri
948 2293 1055 2358 possit
1071 2307 1111 2357 eo,
1128 2289 1199 2360 quod

323 2373 456 2425 Rusticins
471 2378 547 2426 tonso
564 2378 628 2441 toga
645 2375 735 2426 defluit
751 2401 784 2412 -

208 2471 379 2559 Ingenium
403 2473 511 2560 paullo
536 2473 720 2540 iracundius
748 2482 844 2561 atque
869 2472 964 2539 homo
991 2471 1103 2539 habitu
1122 2475 1214 2540 rusti-

126 2574 215 2640 ciore
235 2573 388 2638 incedens
409 2575 534 2639 ratione
554 2572 643 2639 nulla
664 2573 844 2639 cohaerent.
862 2623 866 2628 -
882 2573 1098 2655 Quamobrem
1118 2575 1215 2640 valde

125 2672 288 2756 falluntur,
310 2674 365 2760 qui
386 2671 489 2739 verba
507 2671 614 2738 rideri
626 2674 729 2759 possit
750 2681 809 2739 etc.
833 2695 906 2738 eum
926 2673 1118 2759 antegressis
1141 2697 1214 2740 con·
1331 2752 1333 2756 μ

125 2773 251 2840 sociant
285 2784 381 2859 atque
413 2795 472 2859 pro
508 2772 644 2858 apodosi
669 2770 803 2856 habent,
836 2792 919 2860 quae
946 2773 1011 2837 iam
1039 2781 1087 2838 est
1113 2775 1216 2840 memus

125 2886 220 2960 ‹qrtus
245 2873 346 2938 ommis
372 2873 501 2937 uambae
528 2873 637 2938 dorum
663 2873 828 2938 dommum.
877 2871 989 2936 Verte:
1015 2873 1058 2937 iet
1081 2873 1218 2939 Jemamd

126 2974 179 3038 eim
202 2972 301 3060 metrop
328 2994 366 3037 zu
390 2971 502 3058 de'tm'p,
530 2995 565 3038 so
592 2973 634 3038 e'st
662 2994 697 3040 er
714 2972 780 3060 fo'u'r
803 2993 913 3037 uasere
932 2969 1216 3057 Spumoeem‘m'elrt

124 3071 276 3160 peee'qmet.
639 3144 641 3148 ¹

126 3187 159 3242 V.
176 3164 217 3240 33.
235 3201 274 3253 sq.
624 3178 663 3240 ¹at
678 3187 812 3254 ingenium
827 3186 921 3254 ingens

120 3276 123 3281 '
310 3267 413 3320 heulto
430 3268 496 3320 latet
511 3270 562 3322 hoc
578 3270 627 3321 snb
645 3285 790 3337 corpore.

210 3367 365 3434 Iumdtum
385 3391 496 3454 eorpus
516 3368 666 3435 Horatius
688 3367 862 3434 secundum
884 3366 1028 3434 Graecos
1051 3367 1096 3454 (v.
1112 3367 1214 3435 Seidl.

128 3467 173 3535 ad
194 3467 273 3533 Eur.
297 3467 352 3533 Tr.
374 3467 446 3533 206.
469 3475 501 3533 et
520 3468 666 3534 Lobeck.
688 3467 731 3534 ad
751 3468 870 3555 Phryn.
891 3489 924 3555 p.
941 3469 1012 3533 378.
1027 3466 1090 3554 sq.)
1111 3468 1216 3555 ipsum

126 3568 258 3636 vocavit
276 3565 444 3652 incultum,
473 3567 565 3632 sicuti
584 3567 751 3634 mortalem
772 3566 879 3634 Oarm.
901 3567 935 3653 Ι,
959 3567 1067 3652 35,»3.
1089 3568 1217 3634 mortale

127 3691 255 3754 eorpus,
283 3676 478 3754 quapropter
502 3667 549 3732 ibi
568 3667 648 3734 nihil
668 3667 895 3734 innovandum.
931 3665 998 3734 cfr.
1019 3667 1112 3755 Virg.
1132 3667 1216 3734 Aen.

126 3766 204 3852 VII,
226 3766 298 3832 cot).
319 3767 397 3853 ibiq.
419 3767 593 3834 Burmann.

126 3900 160 3955 V.
176 3900 218 3953 ³8.
235 3914 292 3967 sqq.
324 3899 391 3950 Illuc
406 3904 605 3966 praevertemur,
622 3904 764 3952 amatorem
781 3900 851 3967 quod
868 3900 967 3951 amicae

327 3983 451 4049 Turpia
467 3985 598 4050 decipiunt
614 3999 728 4048 caecum,
745 3984 829 4035 vitia
845 3983 984 4041 autetiam
1000 3980 1059 4048 ipsa
1074 3981 1140 4032 haec
1219 4034 1222 4039 ‚

327 4065 473 4131 Delectant,
489 4067 571 4119 veluti
585 4067 726 4119 Balbinum
742 4066 853 4132 polypus
870 4066 991 4132 Hagnae.

212 4164 314 4232 Recte
333 4164 506 4234 Horkelius
527 4164 611 4234 anal.
632 4165 712 4233 Hor.
729 4189 761 4254 p.
776 4164 845 4232 147.
860 4186 908 4252 sq.
930 4163 1036 4318 ῖαφξα
1055 4164 1134 4232 m'te'a
1152 4185 1218 4231 non
