2678 4642
75 300 81 313 ,
155 237 197 304 84
348 234 373 242 ”
578 252 812 303 coumcrsrms

155 418 327 487 admodum
348 426 396 484 est
414 410 564 504 notabile,
586 419 673 506 quod
693 442 731 484 eo
748 426 843 507 poeta
858 419 955 484 etiam
968 418 1112 506 Augusto
1127 417 1241 483 adver-

155 528 242 585 satus
264 527 321 585 est.
363 520 396 584 Is
419 521 518 603 enim,
543 527 577 583 ut
597 518 766 585 Suetonius
786 520 842 584 vit.
864 518 943 584 Hor.
967 530 1076 583 auctor
1096 527 1152 601 est,
1173 518 1241 583 Ho-

154 621 233 684 ratio
256 620 460 707 epistolarum
481 619 621 684 officium
642 619 753 685 obtulit
774 641 877 705 eaque
899 618 939 683 de
960 641 995 683 re
1014 619 1055 683 ad
1069 619 1240 683 Maecena·

154 727 219 785 tem
240 719 353 806 dignos
375 741 536 783 assumere
551 741 616 784 non
630 719 791 784 incautum
804 717 925 783 haecce
939 719 1137 805 perscripsit:
1159 718 1242 781 Ante

153 821 221 908 inse
241 818 412 884 scribendis
433 818 568 904 epistolis
589 820 757 884 anticorum
777 819 986 905 sufficiebam,
1008 841 1089 882 nune
1111 841 1240 902 occupa-

155 919 292 984 tissimus
313 932 341 983 et
365 919 507 1005 sbflrrnus
527 917 694 982 Horatium
714 931 852 982 nostrum
873 942 893 981 a
914 930 942 982 te
964 919 1054 1003 cupio
1076 917 1238 981 abducere.

61 1044 70 1059 ³
161 1018 265 1083 Veniet
284 1041 355 1105 erpo
371 1019 410 1082 ab
430 1019 494 1081 ista
510 1019 688 1103 parasitica
708 1041 812 1083 mensa
833 1016 878 1082 ad
896 1018 976 1082 banc
995 1018 1114 1104 repient
1136 1029 1164 1080 et
1183 1038 1241 1079 nos

153 1117 190 1182 in
214 1116 386 1182 scribendis
413 1118 550 1202 postolis
570 1119 697 1182 iuuabit.
739 1115 794 1182 Ad
814 1138 897 1203 quae
918 1116 1070 1181 Horatius
1093 1114 1240 1202 epistola-

154 1239 225 1282 rum
246 1216 349 1282 officio
370 1216 548 1281 recusando
569 1216 743 1305 respondit.

237 1316 277 1381 V.
292 1315 344 1380 48.
363 1316 578 1380 verecundiae
592 1325 706 1404 poetae
720 1307 835 1381 o'ioitur
853 1315 957 1401 magis
980 1314 1125 1399 congruit
1146 1334 1243 1397 quam

154 1437 186 1481 v.
208 1414 229 1480 l.
251 1417 396 1498 uiuimus,
424 1438 506 1502 quae
533 1415 574 1481 ab
600 1414 824 1502 interpretibus
850 1414 976 1480 videtur
996 1414 1139 1500 profecta
1160 1434 1241 1476 esse.

156 1513 274 1580 Contra
294 1516 328 1579 in
348 1539 378 1580 v.
401 1515 452 1580 50.
473 1538 506 1580 v.
524 1514 544 1579 l.
567 1539 711 1602 umquam
732 1537 774 1578 ex
794 1535 882 1579 mero
903 1512 1018 1577 mendo
1039 1511 1242 1577 librariorum

154 1623 230 1679 nata
256 1623 317 1698 est,
345 1615 459 1679 etenim
484 1613 566 1679 haec
586 1614 737 1702 temporis
758 1615 843 1679 notio
866 1623 951 1677 certe
974 1612 1074 1677 otiosa
1096 1619 1145 1675 est
1167 1610 1240 1694 (cfr.

155 1712 221 1778 Sat.
243 1714 275 1798 I,
301 1713 335 1798 2,
365 1715 433 1779 101.
466 1714 575 1780 Altera
598 1714 647 1779 nil
669 1714 794 1796 obstat),
824 1713 851 1777 si
871 1734 937 1777 non
958 1713 1084 1776 omnino
1107 1710 1240 1776 absona.

155 1812 298 1878 Verbum
322 1815 449 1899 inquam
471 1834 536 1878 non
561 1815 607 1880 ita
629 1835 702 1880 raro
723 1812 932 1901 postpositum
954 1813 1127 1895 invenitur,
1153 1811 1242 1876 velut

155 1911 222 1978 Sat.
244 1912 288 1996 Π,
308 1913 338 1997 3,
360 1914 409 1978 30.
429 1914 538 2000 inquit.

153 2029 185 2080 V.
203 2030 245 2082 60.
260 2044 299 2095 sq.
691 2029 766 2080 Haec
783 2027 844 2080 dum
860 2029 942 2096 agit,
960 2043 1020 2078 ecce

349 2112 453 2162 Fuscus
468 2111 579 2162 Aristius
595 2112 706 2162 occurrit
721 2148 805 2160 .-...

237 2209 367 2274 Festive
382 2209 522 2275 Bolanus
544 2233 617 2275 cum
637 2218 761 2276 oratore
782 2210 835 2276 vel
855 2210 1007 2276 histrione
1030 2216 1239 2296 comparatur.

59 2345 62 2350 ·
156 2306 222 2373 Ofr.
245 2306 313 2373 Cic.
336 2307 392 2374 Or.
413 2309 480 2393 ΙΠ,
507 2310 557 2374 56.
585 2332 664 2395 quae
690 2312 737 2375 sic
758 2311 872 2376 abillo
893 2325 1050 2375 anteesse
1072 2310 1238 2391 constabat,

59 2451 60 2455 =
155 2408 264 2490 ocules,
290 2430 375 2490 uoce,
401 2421 489 2496 qesta
495 2456 504 2490 ,
530 2410 654 2473 inimici
675 2422 709 2473 ut
735 2410 883 2474 luerim
903 2423 1002 2474 tenere
1022 2433 1085 2474 non
1097 2421 1238 2495 possent.

154 2506 251 2572 Valet
271 2528 348 2593 ergo
369 2509 435 2594 epit
454 2508 476 2571 i.
492 2528 523 2592 q.
546 2507 698 2572 asama
719 2515 749 2572 et
768 2531 800 2573 v.
815 2506 836 2572 l.
859 2511 905 2572 ait
924 2509 1053 2572 minime
1074 2517 1238 2595 praestan-

155 2607 224 2689 tior,
246 2604 304 2671 sed
325 2628 427 2691 aeque
448 2607 557 2694 spuria
578 2616 626 2670 est
646 2629 685 2671 ao
700 2605 765 2670 Sat.
780 2607 824 2690 H,
843 2607 873 2691 3,
894 2608 965 2672 260.
989 2610 1034 2672 ait
1054 2609 1111 2672 ubi
1128 2631 1238 2690 secum,

155 2726 291 2792 quocum
311 2705 382 2770 loco
405 2704 577 2770 contendas
599 2705 666 2771 Sat.
687 2704 714 2790 I,
727 2705 758 2790 4,
775 2706 844 2771 137.
860 2729 907 2794 sq.
940 2707 1027 2771 Haeo
1049 2731 1240 2795 eponiacum

155 2806 338 2892 compressis
358 2807 442 2894 aptio
463 2806 569 2872 labrth.

123 2918 127 2924 ’
145 2923 186 2976 ’0.
203 2922 244 2974 63.
262 2938 301 2989 sq.
890 2921 991 2974 Vellere
1008 2923 1083 2989 coepi

174 3003 176 3006 ’
349 3005 386 3055 Et
401 3020 557 3070 prensare
573 3020 653 3055 manu
669 3003 856 3055 lentissima
871 3006 979 3056 brachia
994 3040 1093 3055 ...-

237 3102 430 3168 Lentissima
463 3103 598 3170 brachia
630 3125 692 3169 nec
725 3103 916 3169 inflexibilia
946 3126 1051 3188 neque
1083 3103 1239 3170 flexibilia

155 3209 242 3286 sunt,
269 3202 328 3267 sed
351 3203 492 3268 maxime
517 3203 669 3288 adducta,
696 3202 775 3268 nihil
796 3202 1004 3269 concedentis
1024 3226 1081 3268 seu
1101 3205 1239 3268 tenacis-

154 3302 246 3366 sima.
287 3300 337 3365 Ita
356 3301 483 3367 Neaera
502 3303 606 3368 amica
626 3303 668 3368 ab
688 3302 821 3368 Horatio
842 3301 947 3390 Epod.
970 3301 1043 3379 XV,
1064 3304 1094 3379 5.
1117 3326 1165 3390 sq.
1189 3303 1236 3367 di·

155 3400 236 3465 citur
263 3401 381 3465 arctius
408 3414 498 3490 atque
523 3403 638 3468 beders
657 3425 795 3488 procera
822 3401 1028 3488 adstrinpitur
1058 3403 1123 3468 ilea·
1149 3403 1240 3468 bents‘s

154 3499 325 3564 adhaerens
351 3501 501 3584 bracbies,
529 3502 551 3566 i.
575 3524 602 3565 e.
625 3503 781 3567 tenacibus
801 3501 944 3566 braobiss.
986 3500 1041 3565 Ad
1061 3501 1238 3566 cuiusmodi

154 3600 289 3668 brachia
319 3601 436 3689 optime
468 3599 597 3686 quidem
619 3624 774 3686 prensare
805 3599 940 3686 quadrat
966 3622 1027 3665 nec
1052 3623 1129 3665 vero
1155 3624 1187 3666 r.
1215 3600 1237 3665 l.

149 3724 306 3790 pressare.
348 3700 422 3765 Hoc
443 3701 527 3764 enim
547 3699 690 3783 verbum,
712 3701 740 3764 si
760 3701 886 3764 omnino
910 3699 1070 3786 epitheton
1090 3700 1236 3766 brachin-

154 3824 225 3866 rum
250 3800 405 3887 requirat,
434 3808 519 3864 certe
544 3821 609 3865 non
635 3799 816 3881 lentissima,
844 3798 902 3864 sed
926 3799 1097 3865 durs'sssina
1118 3801 1236 3886 exigat.

153 3900 224 3966 Nec
248 3901 341 3966 nobis
368 3898 482 3986 liquet,
509 3921 566 3964 cur
585 3898 736 3963 Horatius
762 3899 834 3987 ipsa
859 3898 994 3965 brachia
1012 3922 1159 3986 pressare
1180 3921 1236 3964 vo-

153 3999 247 4066 luerit
265 4020 369 4087 neque
390 4000 501 4086 patius⁸
514 4021 635 4064 manus.
670 3997 714 4062 At
734 4001 791 4085 qui
808 3999 914 4064 uellere
935 4013 1083 4086 eoepaat,
1105 4000 1175 4064 Fea
1188 3999 1236 4062 in-

155 4101 238 4186 quit,
263 4100 328 4165 iam
345 4099 564 4186 prebenderat.
606 4097 704 4163 Recte
724 4121 812 4164 vero.
855 4097 984 4163 Scilicet
1003 4106 1098 4184 poeta
1117 4097 1235 4163 vellen-

154 4197 204 4267 dis
224 4197 364 4266 brachiis
384 4197 464 4266 nihil
483 4197 626 4288 profecit,
647 4199 855 4286 quamobrem
875 4197 919 4263 ad
932 4219 973 4265 ca
984 4219 1172 4286 progressus
1188 4207 1236 4263 est
