2678 4642
127 215 188 288 110
553 226 787 278 eonsensum

126 417 243 485 capere
257 417 361 483 posse,
376 393 434 459 sed
453 392 548 459 modo
562 394 792 460 usumfructum
806 392 938 479 habere,
952 394 993 460 de
1008 417 1071 482 qua
1084 405 1213 483 praeter

126 496 196 562 eie.
222 495 363 581 Harusp.
390 494 487 581 Resp.
511 493 560 558 14.
583 503 616 558 et
644 492 720 558 Sen.
743 493 883 568 Oonsol„
898 494 942 560 ad
966 495 1068 568 Marc.
1094 497 1143 560 10.
1165 490 1214 560 vi-'

127 597 213 662 desis
233 595 314 660 Hor.
333 595 439 681 Epist.
461 593 505 678 Π,
526 592 643 677 2175.
665 614 724 678 sq,
746 616 807 679 quo
829 593 910 672 loco,
931 603 967 658 ut
987 594 1049 660 hoc
1069 604 1215 681 tangam,

125 697 255 766 alterius
276 703 325 758 est
346 693 474 758 atterr'us
494 693 625 775 heredis,
649 714 749 778 quare
764 693 851 757 idem
871 693 1062 759 vocabulum
1084 696 1216 760 minime

125 795 277 861 abundat.
318 793 430 878 Itaque
452 792 580 856 nomina
601 793 703 857 r'nroda
724 802 756 856 et
775 793 867 858 teras
887 795 1007 880 pariter
1028 794 1091 859 sibi
1113 817 1213 882 oppo-

125 897 187 961 sita
207 901 279 958 sunt
299 902 393 978 atque
415 890 558 956 domibus
580 900 611 956 et
631 892 755 956 colenus
769 892 855 979 apud
870 891 1027 958 Senecam
1041 895 1143 981 Epist.
1161 895 1214 960 88.

124 995 199 1060 Noa
224 993 367 1057 domebus
393 993 467 1073 isto,
495 991 552 1055 sed
584 991 707 1055 colonus
732 993 869 1058 abtrasti.
912 993 1087 1080 Perperam
1115 995 1215 1080 igitur

125 1093 253 1182 plurimi
273 1091 396 1156 librarii
422 1091 456 1154 in
481 1114 513 1156 v.
542 1091 611 1154 129.
636 1093 786 1176 propriae
812 1093 1018 1178 invexerunt,
1045 1093 1140 1180 quod¹
1158 1095 1214 1180 qui

127 1193 289 1258 defensuri
317 1199 423 1273 erant,
455 1212 520 1253 non
547 1189 709 1255 debebant
738 1213 770 1255 v.
795 1192 865 1256 134.
894 1191 1037 1278 talesque
1063 1193 1150 1258 locos
1178 1195 1215 1258 in

124 1301 249 1380 partem
268 1312 397 1373 vocare,
418 1291 453 1355 in
474 1311 609 1376 quorum
621 1289 706 1354 nullo
721 1292 877 1376 propriae
898 1293 1031 1357 alieuius
1050 1294 1102 1357 rei
1119 1295 1214 1358 beros

123 1393 252 1477 legitur.
294 1389 356 1454 Est
382 1391 473 1454 derue
498 1390 629 1472 telluris,
663 1390 715 1454 cui
742 1388 834 1455 tellus
861 1399 909 1454 est
932 1393 1068 1477 propria
1094 1415 1152 1457 seu
1178 1395 1215 1457 ire

115 1505 305 1580 perpetuam
337 1488 517 1571 obtinenda,
550 1498 743 1575 quapropter
767 1491 924 1575 propriae
955 1492 1075 1558 telluris
1105 1493 1214 1558 berum

125 1591 240 1658 scribis
262 1587 400 1676 quidem,
421 1610 483 1653 nec
503 1597 611 1653 tamen
632 1587 766 1653 Horatio
786 1590 978 1675 permittam.
1066 1606 1067 1609 ’

541 1865 681 1940 SM*-
700 1867 801 1938 111.

123 2024 155 2077 V.
173 2025 195 2076 1.
213 2037 269 2089 sqq.
326 2021 382 2074 Sic
396 2036 455 2073 raro
473 2017 606 2084 scribis,
622 2024 656 2072 ut
672 2025 726 2072 toto
743 2036 797 2072 non
814 2025 906 2087 quater
922 2037 991 2073 anno

320 2105 498 2163 Membranam
514 2119 617 2170 poscas,
634 2105 788 2168 scriptorum
805 2120 924 2170 quaeque
939 2110 1066 2169 retexens,

319 2186 405 2237 Iratus
422 2187 478 2251 tibi,
496 2187 567 2253 qnod
581 2186 638 2236 vini
654 2187 790 2253 somnique
806 2187 938 2254 benignus

319 2269 365 2320 Nil
381 2271 488 2337 dignum
505 2285 622 2320 sermone
640 2285 728 2320 canas.
762 2269 833 2333 Quid
848 2269 908 2320 fiet?
952 2290 971 2338 ς]

204 2385 361 2452 Inertiam
389 2407 479 2448 suam
510 2384 662 2450 Horatius
693 2383 755 2450 hoc
785 2383 856 2450 loeo
889 2384 1034 2450 similiter
1064 2387 1215 2474 increpat

123 2493 218 2571 atque
239 2483 345 2569 Epod.
367 2483 459 2548 XIV.
481 2485 583 2570 princ.
627 2483 759 2550 Scilicet
779 2507 822 2549 ex
846 2483 939 2551 urbe
954 2485 1123 2552 invillam
1151 2488 1212 2552 Sa-

123 2585 233 2652 binam
254 2605 325 2647 sese
346 2592 531 2670 recepturus
553 2583 724 2670 scripserat
752 2583 819 2649 Sat.
841 2585 886 2670 11,
908 2586 937 2669 6,
960 2586 1010 2650 16.
1032 2609 1079 2673 sq.
1122 2587 1213 2675 Erqo

123 2686 180 2752 abi
196 2706 244 2748 rae
263 2685 299 2747 ire
319 2695 434 2746 montes
456 2695 484 2746 et
504 2683 539 2747 ire
565 2706 667 2748 arcem
693 2708 733 2749 ea
759 2685 835 2749 arde
859 2687 992 2767 removi,
1018 2685 1097 2773 qaid
1117 2689 1214 2772 prius

122 2785 273 2850 illustrem
293 2784 403 2847 satri-is
422 2807 569 2869 musaque
582 2783 746 2870 pedestri?
781 2784 848 2848 Sed
868 2784 966 2849 multa
987 2794 1019 2849 et
1041 2785 1213 2872 praeclara

122 2884 279 2972 pollicitus
305 2883 370 2947 iarn
397 2881 523 2969 longius
549 2905 609 2969 per
634 2893 756 2970 tempus
782 2884 879 2948 fidem
904 2883 1071 2950 fefellerat.
1113 2884 1212 2951 Unde

122 2993 219 3071 patet,
242 3004 337 3070 quam
358 2982 532 3098 absspdum
554 2984 600 3047 sit
614 2983 753 3047 futurum
775 2984 900 3066 scribes,
923 2984 1009 3070 quod
1025 3007 1067 3055 ex
1082 2983 1213 3070 vulgari

121 3092 300 3169 temporum
322 3083 506 3147 confusione
527 3083 562 3146 in
582 3082 741 3147 nonnullis
755 3081 851 3147 MSS.
868 3092 1034 3148 exaratum
1056 3092 1112 3148 est.
1144 3083 1211 3150 Ne-

124 3205 187 3269 que
213 3203 291 3247 vero
316 3205 348 3246 v.
371 3181 391 3246 l.
418 3185 451 3247 si
472 3182 566 3248 nobis
592 3180 646 3246 hic
668 3183 862 3247 conveniens
885 3183 1020 3248 videtur.
1062 3183 1211 3270 Namque

121 3284 266 3346 introitus
288 3283 442 3346 sermonis
464 3283 633 3369 perspicue
656 3280 795 3347 colorem
816 3282 987 3368 quemdam
1014 3281 1213 3370 patheticum

122 3381 220 3447 habet
240 3379 293 3446 vel
314 3382 385 3466 ipsa
405 3383 499 3445 metri
525 3382 635 3467 specie
662 3389 712 3446 sat
738 3403 940 3468 expressum,
970 3384 1024 3467 qui
1051 3383 1214 3469 particula

122 3472 154 3546 si
172 3481 306 3546 suffecta
326 3501 455 3565 prorsus
476 3480 628 3567 perditur,
651 3502 748 3567 quum
762 3480 837 3545 inde
853 3482 1004 3546 orationis
1019 3505 1121 3567 genus
1135 3505 1211 3569 pro·

123 3572 199 3645 deat
219 3580 425 3644 tritissimum.
469 3579 589 3645 Contra
609 3581 655 3644 sic
682 3579 761 3645 illud
787 3581 821 3645 in
845 3581 1085 3668 precationibus
1112 3584 1211 3648 usita-

121 3681 277 3745 tissimum
301 3677 345 3762 (v.
361 3677 509 3743 Lambin.
533 3679 577 3744 ad
597 3679 704 3744 Carm.
720 3679 791 3763 1‚3‚
808 3679 851 3764 1.)
874 3703 940 3745 una
961 3703 1034 3746 eum
1055 3683 1211 3767 spondeis

121 3779 277 3865 aretalogi
304 3769 587 3865 expostulationem
617 3801 681 3843 non
712 3778 843 3864 illepide
875 3779 1060 3844 sollemnem
1091 3782 1211 3848 reddit.

122 3879 242 3945 Similis
262 3876 352 3964 lepos
374 3879 456 3941 inest
475 3879 509 3942 in
530 3879 620 3942 initio
643 3877 708 3942 Sat.
730 3878 774 3961 11,
796 3879 825 3942 8.
875 3880 915 3944 Ut
934 3880 1108 3946 Nasidieni
1130 3884 1214 3948 iavit

77 4034 79 4038 ⁴
121 3993 150 4043 te
176 4002 251 4043 cena
278 3976 378 4060 beati?
410 3967 559 4042 Ceterum
586 3977 677 4043 verbi
709 3978 822 4043 scribis
853 3978 962 4044 brevis
990 3979 1115 4066 syllaba
1143 3985 1214 4047 arsi

120 4078 291 4166 producta,
323 4077 351 4140 si
377 4084 425 4140 est
451 4076 607 4162 tollenda,
635 4079 877 4164 transpositione
910 4076 966 4152 (sic
997 4077 1102 4145 seritis
1133 4093 1213 4159 toto)

120 4178 273 4273 facillime
294 4175 431 4241 tollatur.
475 4176 569 4242 Certe
593 4199 664 4243 eam
686 4180 740 4266 qui
762 4179 861 4243 oritur
886 4178 991 4243 hiatus
1016 4201 1082 4244 non
1110 4191 1213 4248 vetat.
