2678 4642
320 227 363 299 ‚m
385 246 576 294 sarmarum
596 245 726 301 nmaun
747 244 933 294 snconoun
1013 245 1031 316 .'
1118 231 1178 297 139

82 402 139 479 ras
165 412 258 482 varia
285 435 345 478 sua
371 413 449 478 vina
475 412 685 499 nuncupavit,
713 411 820 498 specie
842 433 921 476 sane
945 410 1070 505 reculas
1102 409 1178 480 suas
1262 436 1264 442 ⁴

50 585 56 599 ¹·
81 521 322 606 extenuaturus,
344 535 380 578 re
402 521 508 576 autem
528 533 608 577 vera
629 519 853 576 ostentaturus.
911 573 913 576 .

80 645 112 696 V.
131 646 171 696 20.
190 660 229 710 sq.
286 644 408 696 Summus
427 661 476 712 ego
495 649 521 694 et
537 660 619 710 prope
635 661 677 694 me
693 642 788 694 Viscus
805 643 938 694 Thurinus
956 648 982 694 et
997 645 1073 708 intra,

280 727 313 778 si
330 729 470 791 memini,
488 728 583 780 varius
599 734 696 773 ---'

88 842 89 845 ’
167 843 354 908 Fundanius
378 866 492 908 cenam
513 843 601 908 beati
621 841 791 906 Nasidieni
805 841 940 908 Horatio
964 842 1094 908 omnino·
1112 865 1178 909 non

84 941 268 1029 descripto
296 943 450 1030 quodam,
478 943 537 1008 sed
564 943 750 1006 memoriter
776 940 898 1025 retulit,
925 945 1119 1029 quapropter
1137 967 1177 1009 v.

79 1042 144 1105 21,-
165 1045 198 1106 si
208 1055 302 1106 ‘recte
328 1065 386 1107 seu
412 1044 485 1108 heae
509 1043 638 1107 memmi
662 1063 724 1106 nee
751 1043 784 1105 si
801 1043 930 1106 memaira‘
954 1043 1177 1129 exspectabas.

84 1138 210 1206 Verum
231 1164 335 1228 neque
356 1148 446 1207 recte·
459 1165 520 1207 nee
542 1143 615 1207 deae
636 1141 807 1225 intercidit,
830 1141 889 1205 sed
909 1143 941 1205 si
958 1151 1079 1206 tantum
1095 1141 1192 1208 litte-¹
1272 1150 1278 1159 '

80 1238 152 1304 rula
174 1266 190 1304 e
212 1250 368 1307 comatum
390 1245 446 1306 es't.
489 1242 656 1327 Integrum
682 1237 728 1304 sio
748 1239 808 1305 od.
831 1240 938 1305 Berol.
962 1243 1140 1308 servavit.
1221 1260 1224 1265 '

80 1406 112 1456 V.
130 1409 172 1458 25.
191 1424 248 1474 sqq.
286 1407 465 1483 Nomentanus
483 1406 591 1469 adhoc,
608 1406 661 1472 qui,
679 1406 702 1456 si
720 1405 783 1473 quid
799 1406 866 1456 forte
883 1406 1014 1471 lateret,

280 1490 371 1540 Indice
387 1495 543 1541 monstraret
560 1489 654 1556 digito:
672 1504 733 1538 nam
751 1494 861 1540 cetera
876 1490 985 1553 turba,

280 1573 343 1636 Nos,
360 1575 476 1639 inquam,
494 1588 617 1630 cenamus
635 1587 705 1633 aves,
724 1572 868 1636 conchylia,
886 1573 980 1637 pisces,
1063 1589 1067 1595 ·
1146 1562 1148 1566 Α

280 1657 374 1722 Longe
391 1657 542 1706 dissimilem
559 1660 620 1706 noto
639 1654 752 1704 celantia
770 1671 869 1718 sucum,

281 1738 318 1788 Ut
334 1739 377 1788 rel
394 1741 517 1790 continuo
534 1739 626 1804 patuit,
645 1753 725 1803 quum
742 1739 855 1803 passeris
873 1742 954 1803 atquc

180 1872 183 1878 ,
279 1821 455 1888 Ingusteta
470 1823 533 1875 mihi
550 1825 700 1887 porrexerat
715 1820 762 1871 ilie
777 1821 887 1871 rhombi.
907 1880 908 1883 Ἴ
967 1820 990 1843 “’
1007 1848 1009 1854 ι

64 1969 68 1977 ·
168 1953 506 2031 LateretHeindorfio
532 1954 640 2019 iudice
670 1953 711 2019 ad
738 1975 848 2018 omnes
875 1960 998 2039 spectat
1024 1952 1178 2019 convivas

73 2050 278 2121 Maecenate
301 2062 439 2150 exemto,
462 2053 549 2139 quod
575 2053 696 2140 alioqui
722 2068 824 2121 cetero
850 2053 945 2117 turbo
965 2051 1101 2138 intelligi
1121 2075 1177 2118 ne·

82 2154 191 2237 queat.
237 2151 333 2217 Unde
355 2176 432 2218 vero
454 2153 543 2218 illam
565 2153 815 2241 exceptionem?
849 2151 903 2215 An
929 2174 1027 2216 unum
1048 2151 1178 2217 Maece

86 2260 196 2315 natam
221 2251 301 2316 nihil
332 2253 486 2319 latuerit?
531 2253 646 2339 Neque
679 2267 780 2319 cetere
811 2252 902 2318 turba
932 2250 990 2315 tali
1021 2253 1179 2335 convivae

87 2351 235 2437 opposita
257 2360 314 2435 est,
336 2374 432 2439 quem
453 2352 533 2417 nihil
554 2352 677 2438 lateret,
699 2352 757 2418 sed
779 2351 867 2417 aliud
882 2373 978 2438 quarn
993 2373 1080 2435 aves,
1104 2373 1178 2416 eon-

87 2449 210 2536 chylia,
232 2452 339 2538 pisces
363 2454 499 2537 cenanti,
521 2455 543 2517 i.
567 2475 595 2518 e.
621 2453 738 2519 Porcio
765 2461 847 2517 totas
873 2449 967 2515 simul
994 2450 1180 2516 absorbenti

87 2549 265 2636 placentas.
308 2552 360 2616 Eo
382 2553 468 2617 enim
488 2553 681 2618 Nomentani
702 2553 838 2640 digitum
865 2551 1007 2615 indicem
1032 2571 1097 2614 non
1124 2574 1178 2616 cu-

83 2659 195 2733 rante,
226 2651 285 2715 sed
311 2653 456 2740 integras
484 2651 659 2718 devorante
688 2653 867 2740 placentas,
896 2650 997 2714 ceteri
1022 2651 1179 2723 convivae

10 2744 15 2751 ’
87 2749 183 2834 signa
202 2750 397 2816 Nomentani
418 2754 545 2838 sequuti
567 2753 657 2818 cibos
679 2752 901 2838 exquisitiores
928 2750 1094 2836 minusque
1111 2754 1178 2837 ¹pa-

86 2857 190 2912 tentes
224 2849 448 2935 degustabant.
491 2851 546 2916 Ad
572 2874 652 2938 quos
681 2852 770 2916 eibos
801 2850 857 2914 ilia
883 2870 1011 2935 quoque
1038 2850 1179 2936 passeris

88 2958 186 3034 atque
207 2947 334 3015 rhombi
355 2950 567 3037 pertinebant,
596 2973 679 3037 quae
701 2975 722 3015 a
743 2948 930 3015 cenantibus
956 2971 1021 3014 non
1044 2958 1179 3036 ‘gustata

88 3046 310 3112 Nomentanus
332 3048 503 3115 Fundanio
531 3051 684 3137 porrexit.
726 3048 812 3114 Male
840 3048 963 3114 seilicet
989 3049 1178 3135 interpretes

87 3147 281 3212 vocabulum
302 3149 469 3235 abpastata,
491 3150 577 3236 quod
598 3174 661 3214 aaa
679 3163 807 3238 gustata
821 3148 990 3236 significat,
1011 3152 1179 3237 numquam

88 3260 218 3334 pastura
238 3257 401 3312 verterunt
421 3257 517 3334 atque
541 3270 612 3314 curn
634 3249 822 3337 pronomine
836 3249 917 3313 miti
935 3271 977 3313 ex
991 3247 1092 3314 verbo
1099 3253 1178 3337 porss

84 3361 211 3411 reserat
237 3369 391 3434 suspenso
425 3347 624 3435 colligarunt
669 3348 758 3414 Ordo
787 3348 962 3414 verborum
997 3345 1058 3412 est:
1085 3373 1179 3434 qaam

87 3448 247 3534 inportata
267 3448 326 3515 ilia
339 3450 485 3535 passeres
506 3462 597 3535 atque
616 3449 739 3514 rhombi
756 3449 836 3514 miti
845 3460 1047 3537 porrexerat.

68 3581 114 3646 N.
133 3597 172 3647 9³.
190 3611 246 3663 sqq.
516 3614 593 3665 quem
608 3614 657 3649 nos
674 3599 713 3648 sic
728 3598 843 3665 sugimus
859 3597 917 3661 ulti,

284 3680 320 3732 Ut
336 3680 401 3730 nihil
418 3682 524 3732 omnino
542 3687 714 3748 gunteramus,
731 3681 821 3732 velut
838 3680 913 3730 illis

286 3764 398 3838 Canidia
414 3758 532 3814 afflasset
549 3766 622 3830 peior
639 3765 802 3830 serpentibus
819 3763 919 3814 Afris.

170 3892 290 3960 Omnes
317 3895 378 3961 Lb.
406 3895 502 3961 MSS.
531 3897 611 3962 velat
636 3897 700 3962 illis
725 3895 778 3961 vel
803 3895 900 3960 velati
921 3895 986 3959 illis
1014 3892 1177 3959 exhibent.

47 4075 50 4080 Ι
87 3993 150 4057 Pro
172 3995 268 4080 Afris
288 4017 367 4060 vero
396 4005 539 4061 errantes
567 3996 710 4062 nonnulli
738 3994 862 4060 librarii
887 3995 968 4059 atreb
993 4003 1177 4058 exararunt.

88 4094 298 4182 Quantopere
317 4095 388 4182 quis
409 4097 540 4182 ingenio
563 4119 620 4162 suo
642 4095 809 4182 indulgere
829 4094 939 4182 possit,
960 4101 995 4157 ut
1014 4092 1110 4180 plane
1131 4094 1178 4157 in-

87 4194 232 4280 sipientis
254 4196 396 4282 speeiem
414 4194 539 4280 induat,
560 4195 622 4263 hoc
643 4196 714 4261 loco
736 4194 900 4260 Bentleius
921 4191 1126 4280 splendidum
1145 4193 1179 4257 in
