2678 4642
153 203 214 268 122
581 216 816 269 comncrnunn

235 384 347 450 Plures
368 407 422 450 vv.
445 383 499 448 dd.
519 382 619 466 modo,
652 384 779 469 mquam
800 405 873 448 cum
893 383 1003 449 verbis
1025 381 1253 469 superioribus

43 482 45 486 ’
154 487 351 568 consociant,
386 485 419 547 in
447 504 511 569 qua
545 484 773 569 compositione
799 483 948 569 apodosis
974 483 1161 571 suppleatur
1184 497 1254 549 tum

152 588 278 651 insania
295 585 477 670 planissime
494 596 590 669 patet.
627 581 671 646 Ut
691 581 752 647 hoc
771 583 829 648 tibi
845 582 1096 669 supplementum
1110 585 1252 669 largiar,

152 695 259 750 tamen
274 684 364 750 modo
382 683 416 767 (i.
433 706 462 748 e.
478 681 610 767 tautum)
627 684 819 767 antegressis
837 684 1036 769 imperativis
1050 706 1116 748 non
1129 684 1251 748 adiun-

153 808 240 872 gam,
269 785 345 874 quia
371 785 418 848 sic
446 782 654 847 contradictio
682 784 779 845 oritur
804 804 868 846 non
893 769 1068 848 levissima.
1110 785 1253 850 Etenim

38 960 43 968 ¹
153 886 244 951 moda
267 894 315 949 est
335 884 501 948 minimum
521 881 723 968 postulantiS,
750 881 807 945 sed
830 882 912 947 adde
934 907 1073 948 cruorem
1093 884 1253 948 stultitiae

153 999 244 1072 atque
264 987 366 1072 u'quem
384 982 492 1071 qiadio
514 994 654 1045 scrutare
676 1004 833 1045 summum
855 984 1041 1068 expetentis.
1085 983 1156 1047 Nec
1178 1005 1257 1048 ma-·

116 1142 120 1158 ,
154 1089 204 1172 gis
227 1109 300 1150 cum
322 1083 391 1147 aliis
418 1083 536 1149 criticis
562 1082 638 1145 inde
667 1103 687 1145 a
712 1082 821 1146 verbis
852 1082 956 1164 modo,
989 1085 1116 1169 mquam
1142 1103 1252 1169 usque

156 1186 198 1250 ad
230 1209 261 1250 v.
289 1185 361 1249 280.
394 1181 675 1267 interrogationem
707 1182 905 1265 constituam,
939 1205 1076 1267 quacum
1106 1183 1252 1248 verbum

153 1287 282 1372 iuquam
302 1282 366 1348 ¹non
387 1282 471 1352 bene
494 1280 681 1362 concordat,
711 1279 769 1344 sed
790 1282 893 1366 potius
914 1281 976 1346 hoc
998 1283 1133 1347 verbum
1156 1305 1250 1347 asse-

154 1385 278 1451 veranti
301 1383 345 1467 (v.
369 1382 475 1447 Carm.
497 1381 541 1464 H,
561 1382 593 1464 Ι8,
617 1379 681 1463 13.)
703 1379 856 1464 tribuam,
877 1382 922 1445 ita
944 1390 977 1444 ut
998 1392 1151 1468 punctum
1173 1393 1252 1468 post

146 1487 219 1574 fuit
241 1483 460 1548 collocandum
489 1483 529 1545 sit
555 1489 587 1544 et
618 1482 794 1562 enuntiato,
825 1479 963 1545 Marium
996 1503 1059 1545 non
1092 1483 1251 1547 cerritum

154 1585 252 1648 fuisse
280 1584 342 1651 nisi
370 1581 507 1646 Hellade
539 1602 692 1667 percussa
724 1602 758 1643 se
786 1582 1065 1667 praecipitantem,
1098 1585 1249 1668 quaestio

154 1683 308 1748 succedat
342 1680 569 1762 corroborans,
601 1682 646 1743 uti
677 1679 743 1743 Sat.
770 1679 797 1763 I,
827 1682 854 1764 1,
883 1681 932 1744 76.
963 1703 1031 1767 sqq.
1058 1681 1084 1765 1,
1113 1682 1142 1765 2,
1174 1684 1248 1748 103.

96 1833 99 1838 .
153 1805 223 1870 sqq.
244 1783 271 1867 I,
292 1782 322 1866 4,
346 1782 415 1845 124.
438 1803 506 1867 sqq.
528 1780 555 1863 I,
579 1780 627 1862 10,
649 1779 699 1842 82.
723 1801 769 1865 sq.

153 1917 183 1968 V.
201 1919 258 1970 278.
276 1932 331 1983 sqq.
648 1912 690 1961 An
707 1917 851 1962 commotae
868 1914 973 1964 crimine
990 1916 1082 1965 mentis

350 1997 478 2049 Absolves
495 1995 624 2047 hominem
644 2000 669 2044 et
686 1995 790 2044 sceleris
808 1996 944 2047 danmabis
962 1999 1088 2062 eumdem,

350 2083 392 2131 Ex
408 2096 479 2131 more
495 2081 632 2144 imponens
650 2083 791 2144 cognata
806 2080 938 2130 vocabula
954 2083 1049 2132 rebus?

238 2181 367 2247 (himen
400 2188 576 2244 commotae
608 2178 723 2242 mentis
757 2187 788 2242 et
823 2178 926 2243 scelus
958 2181 1112 2245 Horatius
1143 2180 1249 2246 noluit

153 2284 290 2349 tenuiter
312 2281 474 2366 distingui,
497 2279 583 2366 quod
604 2301 706 2364 genus
727 2278 927 2367 Damasippo
952 2303 993 2344 ex
1015 2281 1247 2347 consuetudine

153 2381 250 2451 rebus
273 2389 409 2465 cognata
432 2378 592 2444 vocabula
612 2380 787 2464 imponenti
808 2381 886 2444 vitio
908 2381 1013 2444 vertit.
1058 2383 1138 2444 Sunt
1163 2403 1246 2468 ergo

152 2484 253 2549 scelus
274 2490 306 2544 et
326 2481 450 2560 emmau,
472 2501 535 2541 non
557 2479 655 2541 scelus
677 2487 707 2541 et
727 2502 811 2542 meus
832 2493 981 2544 commota
1003 2481 1065 2544 sibi
1087 2483 1246 2568 opposita,

154 2603 259 2666 neque
282 2579 322 2644 de
343 2575 510 2642 vocabulis
533 2578 653 2662 agitur,
676 2599 758 2663 quae
781 2579 842 2641 sint
862 2581 927 2644 sibi
945 2591 1099 2666 cognata,
1121 2582 1181 2646 sed
1203 2583 1246 2647 de

154 2678 321 2745 vocabulis
342 2680 423 2764 ipsis
442 2677 542 2758 rebus,
566 2676 679 2762 quibus
701 2677 911 2762 imponantur,
941 2682 1096 2766 cognatis.
1138 2682 1247 2748 Aliter

154 2779 239 2845 hunc
260 2778 366 2843 locum
392 2778 616 2863 interpretatus
641 2775 813 2842 Horkelius
842 2794 899 2842 non
927 2779 994 2844 nula
1026 2803 1083 2867 pro
1111 2797 1247 2870 aequata

153 2878 372 2966 reponendum
395 2877 540 2942 coniecit.

153 2996 184 3049 V.
202 2998 259 3049 282.
276 3011 332 3061 sqq.
1006 3013 1093 3061 unum,

354 3077 437 3139 Quid
453 3082 518 3127 tam
534 3081 673 3144 magnum?
691 3080 797 3142 addens,
814 3095 896 3130 unum
912 3096 954 3130 me
970 3083 1067 3146 surpite
1083 3084 1168 3146 morti,

351 3162 400 3211 Dis
418 3161 512 3210 etenim
527 3162 605 3211 facile
622 3167 668 3225 est,
686 3164 778 3212 orabat
794 3192 827 3200 -

236 3260 349 3325 Plures
379 3259 460 3324 Odd.
488 3261 638 3346 quiddam
662 3281 720 3348 pro
745 3261 875 3348 vulgato
896 3263 975 3350 quid
994 3278 1057 3330 tam
1079 3264 1245 3332 exhibent.

154 3361 299 3427 Alterum
321 3361 368 3424 sic
390 3359 520 3425 defendi
540 3360 635 3445 solet,
663 3360 794 3449 utquid
814 3377 878 3428 tam
897 3389 1043 3452 maquum
1063 3364 1173 3430 valere
1196 3368 1247 3432 di-

156 3472 246 3527 catur
267 3460 345 3548 quid
364 3473 428 3524 tam
443 3485 586 3546 parvum,
609 3484 704 3548 quam
726 3464 791 3528 vim
813 3487 891 3528 sane
912 3488 978 3529 vox
997 3479 1100 3530 tautus
1114 3467 1247 3552 saepius

154 3561 268 3644 habet,
296 3560 353 3624 sed
379 3561 447 3625 fere
475 3562 561 3625 idem
588 3562 801 3646 significantia
824 3564 926 3628 verba
947 3565 997 3629 dis
1018 3568 1128 3631 eteuim
1139 3569 1248 3653 facile

155 3676 285 3727 estnon
307 3661 482 3725 admittunt.
514 3661 608 3725 Latet
630 3672 748 3746 contra,
770 3663 848 3749 quid
869 3668 909 3728 sit
925 3666 1076 3753 quiddam
1089 3691 1247 3754 maquum,

156 3762 242 3848 quod
267 3782 330 3823 non
358 3759 528 3842 illustrant,
557 3762 611 3845 qui
636 3771 743 3826 votum
768 3763 938 3828 ueletiam
959 3767 1089 3830 nomina
1111 3765 1248 3832 deorum

157 3872 188 3926 et
210 3862 340 3946 quasvis
362 3859 544 3925 obtestandi
564 3860 716 3925 formulas
738 3865 1028 3929 comminiscuntur.
1065 3865 1153 3946 Quid
1165 3889 1247 3932 vero

156 3984 250 4026 orans
279 3961 319 4025 ad
347 3961 484 4046 primum
505 3986 599 4025 uuum
619 3961 801 4026 addiderit?
844 3963 930 4028 Nihil
950 3967 1093 4051 profecto
1114 3967 1177 4030 nisi
1199 3967 1246 4033 al-

155 4071 257 4126 terum
272 4061 387 4125 uuum?
407 4061 546 4125 Proinde
567 4061 777 4146 relegendum
798 4064 950 4148 quiddam
963 4089 1108 4152 utapuum
1122 4065 1246 4132 addens

155 4186 263 4246 uuum,
289 4161 311 4226 i.
335 4184 363 4227 e.
391 4163 510 4227 ruaiore
535 4185 607 4227 uoce
627 4161 746 4227 addeus
766 4187 869 4228 uuum.
912 4164 1066 4230 Similiter
1087 4165 1169 4231 dixit
1190 4167 1246 4233 Oi-
