2678 4642
376 231 418 278 ns
439 229 630 278 sarmarum
649 230 778 278 nmnuu
798 196 944 278 ramum
1159 213 1200 280 73
1303 279 1306 287 ,

101 396 222 487 fluenti
244 418 317 462 curn
338 398 464 462 armato
486 395 739 462 consociaverint
758 417 862 481 neque
884 394 926 460 ad
948 395 1095 461 Persium
1114 403 1198 462 retu·

88 496 221 580 'lerint,
250 496 485 583 reprehendere
506 518 571 560 non
590 496 710 560 veritus
732 505 793 578 est,
820 516 916 580 quum
937 495 1006 581 ipsc
1028 494 1070 560 ad
1092 494 1197 561 Carm.

69 647 72 652 .
113 597 140 681 I,
155 597 205 680 25,
227 596 275 659 17.
291 595 371 660 adeo
383 596 502 684 fluente
515 594 693 678 maluisset,
715 603 749 659 ut
762 593 920 659 ablativus
934 593 1083 660 indubius
1097 594 1197 662 fieret.

111 695 182 761 Nec
212 716 290 761 vcro
320 693 405 759 hunc
433 695 535 760 soluin
561 716 702 759 emonem
728 715 748 758 a
775 702 874 769 semet
898 694 969 780 ipso
991 695 1198 761 ‚commissum

111 795 175 861 alto
196 795 361 882 praeteriit
381 794 515 878 silentio,
537 794 762 860 verumetiam
774 792 1000 857 Demosthenis
1017 792 1121 858 locum
1136 794 1199 860 sibi
1260 793 1264 801 ’

37 967 41 972 ,
91 913 133 960 'a
152 893 310 960 Lambino
332 891 376 958 ad
395 917 425 958 v.
446 893 497 958 26.
511 892 792 964 ,subministratum
813 913 883 956 esse
903 893 1037 977 reticuit,
1058 893 1092 959 id
1113 892 1201 980 quod·

110 994 177 1058 iam
203 993 437 1060 Valckenarius
469 991 513 1057 ad
542 993 621 1057 Eur.
652 990 782 1079 Hippol.
813 990 885 1055 443.
916 992 986 1056 iure
1018 993 1197 1079 castigavit.

112 1092 217 1174 Quam
244 1092 401 1180 gloriosus
423 1092 532 1176 fuerit,
558 1091 641 1157 mira
660 1113 719 1156 sua
739 1090 878 1177 prodidit
897 1088 1021 1178 gloriae
1043 1091 1196 1180 depreca-

109 1193 196 1257 tione
217 1193 260 1258 ad
281 1191 349 1258 Sat.
371 1191 398 1276 I,
420 1191 450 1276 9,
471 1191 522 1255 30.

506 1368 642 1443 §Mle
659 1369 802 1440 vlll.
864 1408 868 1414 ·

109 1505 140 1559 V.
159 1509 182 1558 1.
200 1523 238 1572 sq.
420 1507 490 1559 Olim
505 1511 613 1558 truncus
630 1522 700 1557 cram
716 1505 828 1556 ficulnus
845 1503 946 1553 ...ζ

192 1605 337 1693 Priapus,
358 1629 476 1671 numen
496 1606 574 1671 illud
594 1605 772 1688 ridiculum,
797 1604 859 1670 hoe
879 1625 1027 1670 sermone
1047 1602 1198 1670 nonnulla

110 1707 265 1790 mysteria
286 1729 306 1771 a
329 1705 465 1772 Canidia
486 1715 518 1770 et
538 1705 670 1792 Sagana
690 1705 811 1769 maiore
831 1705 866 1768 in
879 1703 1076 1768 Maecenatis
1097 1703 1196 1770 hortis

110 1805 287 1891 Esquilinis
309 1805 396 1870 facta
409 1813 552 1869 enarrat.
590 1804 710 1884 Quales
731 1803 811 1869 istac
831 1802 980 1869 mulieres
997 1803 1122 1887 fuerint,
1143 1803 1198 1871 vel

111 1925 153 1968 cx
175 1926 213 1968 eo
234 1905 384 1990 patescit,
411 1904 497 1990 quod
516 1904 667 1990 Priapus,
690 1905 742 1968 cui
762 1903 860 1968 ruber
878 1900 970 1990 palus
993 1903 1132 1968 obsceno
1153 1903 1196 1968 ab

110 2003 242 2089 inguine
272 2012 436 2090 porrectus
470 2012 553 2087 erat,
583 2025 692 2067 earum
721 2002 878 2068 veneficia
907 2002 1016 2066 refert.
1066 2002 1198 2068 Scilicet

110 2125 191 2167 anus
214 2111 303 2167 erant
324 2101 483 2167 obscenae
504 2125 565 2167 nec
587 2101 688 2167 solum
709 2124 819 2189 sagae,
840 2102 886 2166 ita
906 2110 940 2166 ut
955 2101 1106 2168 Horatius
1127 2104 1195 2167 uni·

109 2224 237 2267 versum
263 2211 408 2267 veterum
433 2225 588 2288 sagarum·
609 2211 848 2287 scortorumque
876 2223 977 2287 genus
1005 2200 1066 2266 hoc
1086 2201 1195 2268 libello

110 2323 242 2388 carpere
269 2302 450 2385 instituerit,
476 2302 563 2387 quod
589 2302 695 2387 aliquo
721 2301 872 2387 temporis
895 2301 995 2387 spatio
1016 2302 1195 2368 intermisso

108 2400 232 2487 Epodis
253 2400 286 2465 V
307 2409 338 2464 et
358 2400 457 2464 XVII
485 2400 620 2488 amplius
645 2409 854 2488 persequutus
878 2409 935 2464 est.
984 2399 1064 2465 Sunt
1090 2410 1196 2467 autem

108 2501 239 2565 nomina
270 2499 405 2590 Canidia
433 2509 464 2564 et
485 2500 611 2589 Sopatro
637 2499 678 2566 ab
700 2500 832 2565 Horatio
858 2500 979 2586 pariter
1004 2500 1079 2565 ficta
1100 2509 1195 2586 atque

108 2599 245 2688 plurima
265 2599 338 2684 alia,
359 2599 406 2664 uti
427 2599 469 2664 ad
490 2598 555 2664 Sat.
578 2599 604 2684 I,
628 2603 655 2683 1,
677 2599 728 2665 95.
751 2598 1047 2665 demonstravimus.

190 2699 304 2784 Longe
326 2698 391 2763 alia
409 2698 614 2764 Heindorfius
635 2698 754 2784 aliique
774 2721 829 2764 vv.
844 2698 898 2763 dd.
920 2697 974 2764 hic
995 2698 1194 2766 detexerunt.

108 2797 167 2863 Ille
189 2797 318 2883 quidem
337 2797 507 2863 Canidiam
526 2797 580 2863 vel
594 2796 784 2882 Gratidiam,
804 2805 839 2862 ut
859 2795 1036 2863 scholiastis
1057 2800 1193 2865 auctori·

108 2896 169 2963 bus
191 2894 346 2980 malebat,
367 2896 494 2962 Horatii
516 2897 653 2962 amicam
673 2897 770 2962 fuisse
793 2918 834 2961 ex
855 2895 962 2963 Caum.
984 2896 1017 2981 I,
1040 2898 1089 2962 16.
1113 2907 1193 2965 extr.

109 2997 247 3061 coniecit
268 3004 299 3060 et
320 2996 481 3061 dsscordiu
500 2995 636 3083 wadum
656 3010 764 3061 eaorta
783 2995 936 3083 cnfidelem
955 2997 1081 3061 odionis
1100 3021 1195 3066 cauca

105 3097 213 3181 pulum
239 3096 410 3161 pellicatum
438 3120 502 3169 esse
521 3095 623 3160 finxit.
665 3096 787 3161 Verum
809 3094 916 3161 Caum.
938 3095 972 3179 I,
999 3095 1048 3160 16.
1071 3097 1194 3163 amicae

110 3194 265 3260 Canidiae
279 3195 431 3260 Horatius
452 3196 646 3260 mentionem
665 3217 726 3260 nec
747 3196 822 3260 fecit
841 3216 945 3279 neque
959 3195 1068 3260 facere
1083 3197 1194 3282 potuit,

109 3296 185 3379 quia
205 3296 271 3359 iam
291 3293 345 3359 illo
366 3303 526 3381 tempore,
548 3317 646 3386 quum
665 3294 797 3381 Epodos
818 3294 850 3360 V
871 3302 903 3358 et
922 3293 1022 3360 XVH
1034 3304 1194 3382 cantaret,

110 3393 246 3459 Canidia
267 3403 336 3460 erat
361 3396 491 3479 obscena
516 3418 608 3478 anus,
634 3407 738 3460 amata
757 3394 862 3459 nautis
881 3393 1008 3460 multum
1028 3408 1057 3459 et
1076 3397 1194 3461 cantito-
1311 3445 1313 3451 ,

107 3495 203 3560 ribus.
236 3494 277 3560 V.
292 3493 398 3580 Epod.
410 3494 450 3578 V,
462 3495 513 3558 98.
530 3503 561 3558 et
571 3493 679 3576 XVII,
690 3494 740 3558 20.
776 3494 949 3558 Praeterea
969 3494 1084 3559 mirum
1104 3495 1193 3562 vide·

108 3601 158 3656 tur
180 3592 347 3678 silentium,
368 3594 454 3681 quod
469 3593 673 3658 Heindorlius
696 3593 736 3658 de
752 3592 883 3679 Sagana
903 3594 1011 3676 tenuit,
1034 3596 1094 3660 etsi
1112 3594 1194 3662 hacc

108 3714 173 3757 non
199 3695 302 3756 minus
329 3715 427 3778 quam
448 3692 586 3758 Canidia
612 3694 772 3779 proscissa
800 3701 856 3758 est.
899 3692 940 3757 Id
960 3694 987 3757 si
1007 3693 1076 3780 ipse
1098 3717 1192 3782 repu-

108 3801 214 3876 tasset,
236 3792 372 3858 fortasse
390 3791 545 3858 Canidiae
567 3814 693 3879 quoque
713 3815 783 3858 rem
804 3793 991 3856 amatoriam
1012 3792 1193 3879 abiecisset,

108 3914 169 3956 nec
189 3913 292 3976 nugas
314 3890 556 3957 scholiastarum
575 3892 794 3979 praeiudicata
814 3913 873 3956 sua
889 3890 931 3956 de
944 3890 1078 3957 Horatio
1092 3892 1193 3960 ultore
1302 3899 1311 3917 ⁰

109 3991 257 4078 opinione
279 3989 480 4058 cumulasset.

193 4088 287 4171 Quod
319 4089 361 4155 ad
391 4098 527 4155 aetatem
558 4090 651 4157 huius
677 4092 832 4158 sermonis
857 4098 993 4179 spectat,
1026 4091 1194 4160 enucleata

109 4212 187 4257 sane
207 4190 387 4257 testimonia
406 4188 558 4258 natalicia
577 4213 642 4259 non
662 4191 831 4278 habemus,
856 4191 914 4261 sed
934 4200 1000 4259 tam
1020 4215 1088 4278 res,
1109 4215 1194 4280 quae
1283 4231 1286 4235 ·
