2678 4642
126 221 168 287 80
313 205 315 208 ⁴
550 233 785 282 coumcrmna

125 402 261 469 verbum
281 404 394 490 confice
413 422 478 466 non
498 399 603 483 habet,
626 421 689 487 quo
710 399 887 487 adaptetur,
909 399 937 464 si
957 398 1060 466 verba
1078 401 1214 486 felices!

124 527 206 568 nane
232 527 286 590 epo
315 514 397 567 resto
423 500 545 564 Bolano
577 499 799 587 adscripseris.
840 499 902 563 His
935 508 1046 565 contra
1076 499 1212 564 Horatio

125 603 295 684 assignatis
324 622 512 687 responsum
541 599 635 664 valde
664 600 813 664 festivum
845 608 990 685 paratur:
1014 601 1130 686 felices
1156 625 1215 664 uos

124 702 182 766 boo
203 702 242 765 ab
262 702 382 766 bomine
403 699 619 786 loquacissimo
640 700 705 763 iam
727 699 884 764 enecatos!
899 723 983 785 ,nanc
998 700 1139 786 aequatis
1151 722 1214 763 noa

125 802 259 887 amplias
279 799 507 886 affluentibus
528 798 605 862 ordo
633 821 680 862 me
709 800 818 885 taapit.
861 798 968 862 Eseoo
995 800 1102 885 ipitar,
1128 823 1214 863 aam-

124 923 182 985 qae
202 923 272 978 sora
292 899 371 964 mebi
381 921 483 984 puero
506 897 544 962 ab
565 922 629 961 aaa
649 896 773 963 Sabella
795 909 920 962 cantata
940 899 1045 962 instat.

123 1065 155 1118 V.
172 1065 212 1119 29.
230 1080 269 1131 sq.
432 1078 544 1128 namque
560 1062 640 1112 instat
656 1062 740 1112 fatum
756 1061 819 1111 mihi
834 1063 914 1125 triste,
931 1061 1038 1113 Sabella

321 1145 397 1208 Quod
413 1161 493 1210 puero
511 1145 604 1195 cecinit
620 1144 729 1194 divina
745 1149 828 1195 mota
845 1160 911 1195 anus
927 1161 1001 1196 urna.

205 1295 324 1360 Dioeba
357 1319 453 1378 arna,
489 1294 649 1358 adiectivo
680 1292 817 1357 nominis
848 1293 978 1379 potioris
1010 1293 1053 1359 ad
1080 1294 1212 1360 inferius

122 1393 291 1478 translato,
312 1394 450 1458 sermoni
470 1394 595 1480 poetico
621 1391 704 1457 bene
721 1393 893 1475 convenit,
922 1394 1004 1457 sicut
1032 1393 1098 1458 Sat.
1120 1394 1153 1479 I,
1182 1396 1211 1479 6,

122 1494 174 1560 59.
217 1493 402 1560 Satureiano
423 1493 548 1558 caballo.
581 1491 625 1575 H,
645 1490 749 1574 4,-37.
772 1515 848 1555 caro
868 1515 997 1565 measa„
1014 1493 1116 1579 Epist.
1138 1494 1167 1578 I,
1184 1497 1212 1579 1,

123 1593 174 1657 94.
196 1592 356 1677 inaequali
373 1605 504 1657 tonsore.
543 1590 650 1679 Oarm.
672 1591 699 1674 I,
720 1591 771 1673 20,
793 1591 822 1654 9.
837 1592 929 1676 prelo
955 1591 1076 1658 (laleuo.
1112 1592 1138 1676 Ι,
1161 1594 1212 1678 31,

122 1692 153 1756 9.
179 1691 294 1757 Calena
310 1692 411 1778 falce.
442 1691 509 1775 III,
536 1691 572 1774 6,
598 1691 648 1755 38.
699 1689 830 1755 Sabellis
850 1691 1014 1777 lipoaibas.
1056 1692 1145 1756 Pers.
1167 1692 1211 1777 Π,

121 1790 153 1856 5.
181 1793 278 1856 tacita
303 1815 423 1855 acerra.
465 1791 535 1855 Nec
563 1791 667 1854 minus
687 1802 770 1853 moto
792 1813 883 1871 anas,
910 1799 944 1852 ut
964 1792 1028 1854 iam
1049 1791 1092 1856 ad
1112 1791 1211 1878 Soph.

123 1889 240 1955 Traeh.
268 1889 339 1955 345.
368 1891 614 1972 construximus,
640 1887 776 1975 probum
803 1895 860 1951 est.
902 1887 1061 1953 Eamdem
1085 1891 1119 1954 in
1140 1913 1211 1978 spe-

124 1991 207 2054 ciem
228 1989 308 2054 dixit
328 1989 482 2076 Virgilius
502 1989 585 2055 Aen.
606 1989 669 2072 IV,
694 1988 766 2053 268.
808 1985 903 2051 Ibant
924 1988 1050 2054 obscuri
1067 1991 1133 2056 sola
1153 1992 1210 2056 aab

121 2102 209 2154 noete
222 2112 285 2176 per
305 2090 440 2155 umbras.

122 2206 155 2259 V.
172 2205 213 2258 ³3.
230 2220 268 2271 sq.
302 2204 428 2256 Garrulus
444 2205 513 2255 hunc
530 2202 634 2272 quando
652 2205 786 2254 consumet
803 2217 944 2268 cumque:
962 2203 1094 2270 loquaces,

302 2286 331 2338 si
347 2288 440 2353 sapiat,
456 2289 520 2338 vitet
535 2323 617 2334 ...-

208 2385 341 2474 Cumque
373 2408 445 2451 cum
475 2385 598 2471 quando
629 2384 814 2449 necessario
847 2382 1026 2471 copulatur,
1060 2385 1150 2470 quia,
1182 2387 1211 2453 si

123 2485 249 2552 omnino
271 2483 432 2571 singulare
447 2485 506 2549 fuit
518 2484 719 2568 vocabtdum,
741 2483 853 2548 saltem
866 2508 1053 2571 quocumque
1067 2497 1210 2570 tempore,

121 2587 169 2653 uti
195 2586 382 2672 interpretes
403 2583 511 2650 Oarm.
532 2583 565 2666 Ι,
590 2585 647 2669 32,
676 2584 726 2648 15.
747 2582 845 2669 vulgo
868 2592 1044 2667 autumant,
1069 2606 1134 2648 non
1156 2585 1210 2651 de·

120 2684 261 2750 notabat.
303 2684 434 2748 Etenim
459 2684 583 2771 wando
604 2705 669 2748 non
689 2691 780 2769 potes
801 2693 906 2748 mente
927 2684 1122 2770 praefigere,
1148 2686 1211 2750 nisi

123 2785 218 2849 etiam
238 2783 463 2871 supplementis
485 2797 533 2865 at,
555 2784 624 2866 abi,
646 2785 713 2874 qui,
735 2783 852 2868 qualis,
875 2796 1016 2867 quantus,
1038 2784 1210 2870 mentulas,

122 2897 203 2971 quot,
224 2885 351 2971 quoties,
366 2896 475 2968 quotus
487 2892 548 2947 etc.
563 2881 668 2947 locum
682 2882 889 2966 concesseris,
903 2882 939 2947 id
954 2883 1038 2968 quod
1051 2905 1145 2948 nemo
1161 2907 1210 2948 so·

121 2983 210 3050 brius
232 2983 413 3047 committat.
455 2981 568 3068 Itaque
590 2980 730 3046 debebat
750 2980 862 3046 saltem
884 2980 1080 3074 Graecorum
1105 2993 1156 3052 atr
1179 2998 1210 3052 ot

123 3083 270 3149 conferri.
301 3081 439 3147 Etiamsi
451 3102 528 3145 vero
539 3080 690 3145 Horatius
706 3081 877 3145 dictionem
888 3079 1049 3146 Graecam
1061 3083 1208 3168 frequen·

121 3191 172 3247 ter
192 3183 328 3246 imitatm
351 3189 414 3264 est,
435 3179 531 3267 longe
552 3188 658 3244 tamen
679 3180 876 3266 probabilius
898 3189 983 3267 puto,
1006 3203 1077 3246 eum
1097 3205 1209 3269 prcca-

121 3290 187 3347 tum
208 3302 279 3346 esse
310 3280 391 3344 mebi
416 3295 506 3362 usqne
532 3279 626 3362 salue,
655 3279 741 3364 quod
762 3281 833 3365 quis
854 3279 943 3344 hiatu
963 3280 1097 3346 fortasse
1118 3281 1210 3346 indu-

69 3387 72 3392 ’
123 3390 191 3446 ctus
211 3400 381 3469 perperam
401 3377 612 3466 interpolavit.
647 3379 689 3444 V.
712 3378 754 3443 ad
775 3378 842 3444 Sat.
864 3378 890 3463 Ι,
915 3379 943 3463 1,
966 3379 1036 3444 108.

120 3498 153 3551 V.
170 3497 211 3549 38.
228 3511 267 3563 sq.
365 3495 395 3546 si
410 3510 451 3544 me
468 3510 548 3558 umas,
565 3495 657 3561 inquit,
673 3494 790 3560 paullum
806 3494 856 3543 hic
874 3495 944 3545 ades.

203 3579 277 3643 Non
298 3577 484 3665 elegantius,
507 3577 566 3642 sed
584 3578 701 3641 rectius
721 3585 769 3642 est
781 3577 840 3641 bac
854 3577 938 3659 ades,
962 3569 1047 3662 quad
1069 3576 1211 3642 nonnulli

122 3677 204 3745 odd.
226 3685 402 3743 servarunt.
426 3675 492 3742 cfr.
516 3676 557 3741 de
578 3676 640 3742 hac
659 3675 795 3741 formula
815 3676 908 3762 Virg.
923 3675 995 3740 Ecl.
1010 3676 1054 3759 Π,
1068 3677 1119 3741 45.
1135 3677 1210 3761 VII,

119 3779 151 3843 9.
173 3777 233 3862 IX,
255 3778 306 3843 39.
348 3776 421 3842 Tib.
442 3776 469 3859 Ι,
496 3776 524 3859 7,
545 3775 597 3840 49.
628 3775 672 3859 Π,
696 3775 723 3858 1,
745 3775 796 3840 35.
828 3775 887 3858 ΙΙΙ,
910 3776 940 3859 4,
964 3778 992 3839 1.
1015 3776 1045 3839 2.
1069 3775 1130 3841 Ov.
1154 3773 1208 3841 Tr.

121 3878 167 3962 V,
188 3877 223 3962 3,
244 3877 296 3942 43.
316 3875 428 3941 Amor.
449 3873 481 3958 I,
504 3874 532 3958 6,
554 3874 605 3939 54.
637 3874 680 3958 ΙΙ,
704 3875 752 3957 12,
776 3875 825 3938 16.
858 3875 919 3958 ΙΙΙ,
941 3876 971 3959 2,
992 3875 1043 3939 46.
1087 3874 1211 3941 Similia

121 3985 194 4042 sunt
214 3976 321 4042 adesm
342 3975 388 4040 ad
399 3974 512 4063 puteal
529 3971 598 4038 Sat.
613 3973 657 4056 H,
674 3974 703 4056 6,
720 3973 782 4058 35,
804 3975 849 4038 ad
867 3975 1019 4040 indiciam
1031 3973 1099 4039 Oia.
1114 3974 1209 4039 Verr.

119 4074 152 4158 I,
175 4076 223 4160 l.,'
250 4075 295 4141 ad
318 4075 455 4141 sanam
475 4072 615 4140 Beatam
636 4072 744 4154 Quint.
771 4073 818 4157 6.,
848 4073 990 4161 Capuam
1010 4073 1055 4139 ad
1074 4074 1210 4139 consules

121 4173 187 4247 Ab*
208 4173 284 4258 VII,
307 4173 368 4258 18,
389 4174 425 4241 io
444 4184 583 4241 auectam
600 4171 683 4241 Phil.
704 4171 745 4257 V,
768 4172 798 4240 l.
858 4189 860 4193 ·
