2678 4642
359 223 396 271 m
417 221 607 272 ssrmmuu
628 223 758 271 umnuu
780 201 965 272 snenxouu
1155 209 1214 272 119

121 392 240 479 integer
259 401 306 454 est
326 389 446 454 animi?
480 387 631 471 Sat.1‚4‚
649 389 718 452 110.
736 411 782 475 sq.
819 390 970 477 Mupuuru
992 389 1214 472 documentum,

120 515 159 555 ue
173 491 402 577 patriotarum
418 487 553 575 perdere
573 490 644 574 quis
665 489 745 553 uelit.

120 607 152 658 V.
170 607 227 658 208.
245 620 283 671 sq.
324 605 377 666 Qui
393 605 493 669 species
511 603 578 654 alias
593 605 664 654 veri
681 604 884 670 scelerisque
900 604 1012 656 tumultu

318 686 463 756 Permixtas
481 687 574 762 capiet,
591 692 735 737 commotus
751 687 891 737 habebitur
907 725 1022 750 ...λ

206 786 262 851 Sic
283 786 352 851 fere
374 807 484 850 omnes
506 784 600 870 Ode,
621 787 684 850 nisi
706 785 791 873 quod
813 788 895 851 ueris
915 787 969 851 vel
995 811 1066 852 uero
1094 787 1214 871 passim

119 887 288 973 reperitur.
331 884 377 949 Ut
410 883 541 949 lectioni
570 884 720 971 vulgatae
754 886 1046 971 patrocinarentur,
1072 884 1216 949 nonnulli

123 986 226 1051 critici
246 985 317 1050 vias
338 984 546 1051 vehementer
566 984 730 1049 mirabiles
752 985 942 1049 institommt.
976 985 1031 1049 Sic
1052 984 1215 1048 Bentleius

121 1084 272 1172 probavit
298 1083 382 1149 hano
410 1083 582 1149 verborum
610 1084 857 1171 copulationem:
891 1086 949 1169 qui
976 1087 1093 1170 species
1119 1086 1214 1164 ,aliua

125 1186 195 1250 veru
212 1185 395 1270 scelerisque
416 1183 546 1248 tumultu
569 1186 745 1268 perurentes
767 1185 874 1268 cupiet,
903 1197 1068 1248 commotus
1096 1184 1216 1266 habeba}

122 1298 183 1365 tur,
205 1283 263 1348 ubi
283 1284 401 1370 specim
422 1283 503 1348 uliae
524 1283 628 1347 falsae
649 1283 702 1347 vel
722 1305 825 1347 vanae
849 1305 919 1347 esse
941 1284 1085 1347 feruntur
1113 1292 1144 1347 et
1165 1305 1213 1346 se-

122 1404 222 1469 quens
243 1383 313 1447 ocri
330 1382 513 1466 scelerisque
535 1383 750 1468 contraposita
778 1383 942 1447 continere
971 1382 1102 1464 dicitur,
1129 1382 1217 1446 velut

116 1483 181 1569 fas
202 1493 293 1567 atque
313 1483 415 1571 nefas.
459 1480 588 1567 Ecquis
603 1503 681 1547 vero
708 1484 825 1567 species
853 1483 935 1546 alius
962 1502 1020 1567 pro
1048 1481 1137 1546 falsis
1163 1480 1216 1545 vel

122 1581 216 1646 vanis
244 1579 472 1667 usurpaverit?
517 1580 597 1661 Quis
629 1583 734 1645 uuum
766 1589 798 1644 et
828 1583 926 1645 scelus
958 1582 1020 1646 sibi
1053 1603 1215 1668 opponere

124 1703 221 1745 ausus
243 1680 284 1744 sit
304 1679 402 1764 idque
424 1678 507 1743 adeo
528 1679 562 1742 in
585 1679 768 1744 definitione
790 1681 953 1765 quadam?
995 1680 1119 1766 Ecquis
1145 1680 1216 1744 veri

123 1778 318 1864 scelerisque
339 1778 506 1842 tumultum
528 1801 679 1867 umquam
707 1779 888 1844 audiverit?
933 1779 1012 1860 Quis
1040 1779 1137 1843 falsas
1164 1778 1216 1843 vel

125 1901 227 1944 vanas
249 1879 374 1964 species
397 1879 493 1942 etiam
507 1878 577 1941 veri
598 1877 791 1964 scelerisque
806 1877 938 1942 tumultu
952 1880 1128 1964 permixtas
1143 1899 1215 1964 pro-

123 1977 255 2043 tulerit?
296 1976 502 2041 Heindorfius
525 1988 636 2042 contra
656 1979 760 2041 iunxit
780 1980 899 2064 spectu
926 1979 1008 2042 alias
1034 1980 1104 2042 ueri
1128 1979 1217 2042 scele-

123 2080 237 2162 rr's'que,
260 2099 323 2163 quo
345 2077 564 2163 discrepantes
585 2077 729 2141 notiones
751 2079 827 2142 iuris
851 2086 882 2141 et
908 2079 1045 2142 iniuriae
1072 2077 1217 2142 denoteui

124 2178 329 2265 opinabatur,
365 2175 634 2263 quemadmodum
672 2175 775 2260 nullus
811 2177 946 2241 Latinus
978 2177 1124 2262 loquutus
1157 2186 1214 2241 est.

126 2277 360 2361 Qualicumque
382 2284 490 2340 tamen
510 2275 633 2339 ratione
659 2274 790 2340 lectioni
815 2275 966 2362 vulgatae
994 2276 1144 2363 opitulari
1171 2275 1215 2347 la<

125 2377 301 2458 boraveris,
324 2397 395 2439 eam
416 2376 634 2461 incorruptam
657 2396 728 2439 esse
749 2398 924 2462 numquam
946 2378 1086 2441 evinces.
1122 2375 1217 2456 Quod

122 2476 210 2542 idem
231 2477 296 2539 iam
316 2474 494 2539 Lambinus
522 2474 700 2560 perspexit,
728 2497 826 2560 quare
855 2498 897 2539 ex
926 2477 1109 2558 coniectura
1135 2477 1218 2540 uerr'a

122 2576 275 2662 reposuit.
317 2573 468 2639 Attamen
490 2573 568 2658 quid
593 2574 656 2638 sint
681 2574 806 2659 species
833 2577 958 2640 sceleris
983 2575 1116 2640 tumultu
1144 2597 1216 2661 per·

123 2677 253 2759 mixtae,
274 2673 433 2759 hodieque
454 2672 656 2737 reconditum
687 2683 744 2737 est.
787 2673 892 2739 Possit
919 2676 1076 2762 quispiam
1102 2696 1215 2739 secun-

124 2774 201 2839 dum
223 2774 290 2838 Sat.
312 2773 356 2856 Il,
378 2774 407 2856 2,
431 2773 500 2836 126.
522 2796 617 2837 nouos
644 2785 763 2836 ruoueat
780 2775 919 2859 fortuna
940 2775 1085 2839 tumultus
1107 2774 1147 2838 de
1168 2782 1215 2837 tu-

124 2872 225 2937 multu
247 2872 389 2955 cogitare
410 2872 583 2954 infortunii,
605 2870 692 2956 quod
711 2893 793 2935 voce
821 2874 921 2937 scelus
947 2873 1106 2938 interdum
1134 2872 1215 2936 indi-

126 2982 217 3037 catur
245 2971 289 3054 (v.
316 2969 391 3034 Ter.
420 2969 504 3032 Eun.
532 2969 575 3052 Il,
597 2970 628 3050 3,
649 2969 699 3032 34.
721 2969 816 3033 Mart.
838 2971 913 3054 VH,
938 2972 985 3055 13,
1014 2969 1074 3057 1.):
1104 2995 1216 3037 verum

124 3092 243 3136 nomen
269 3069 376 3150 coelus,
404 3067 490 3153 quod
516 3067 559 3132 ad
582 3067 719 3131 Aiacem
746 3069 842 3133 armis
871 3070 1005 3136 Achillis
1034 3071 1216 3136 fraudatum

125 3181 274 3256 spectare
294 3167 450 3251 videatur,
476 3166 530 3231 illo
552 3167 732 3252 significatu
759 3167 812 3232 hic
837 3170 1074 3254 perobscurum
1095 3180 1143 3234 est
1170 3179 1215 3235 at-

126 3291 189 3355 que
226 3289 335 3333 omnes
374 3289 426 3333 res
467 3277 621 3331 externae
658 3288 678 3331 a
715 3269 863 3332 commoti
894 3268 947 3333 vel
974 3270 1079 3335 insani
1106 3271 1216 3335 defini-

125 3371 211 3433 tione
232 3390 329 3454 quam
350 3368 490 3432 maxime
511 3365 693 3431 abhorrent.
743 3366 817 3447 Qua
844 3371 1021 3454 posteriore
1048 3393 1093 3434 ex
1120 3393 1218 3434 causa

127 3469 224 3533 etiam
245 3467 404 3551 falluntur,
427 3467 482 3553 qui
502 3466 601 3530 scelus
627 3464 671 3529 ad
699 3464 975 3550 Agamemnonem
1002 3469 1100 3534 filiam
1126 3490 1217 3533 suam

125 3566 352 3652 immolantem,
385 3576 439 3632 aut
459 3566 501 3632 ad
532 3565 669 3629 Aiacem
701 3587 836 3651 gregem
868 3569 975 3633 ovium
1005 3569 1217 3634 trucidantem

128 3677 291 3751 revocant,
313 3668 500 3754 praesertim
522 3687 619 3752 quum
639 3662 692 3728 hic
713 3686 777 3729 non
799 3667 903 3733 scelus
924 3670 1095 3751 insaniam,
1119 3667 1216 3732 sede

128 3768 288 3833 contrario
303 3766 430 3831 insania
444 3763 548 3831 scelus
562 3766 797 3850 provocaverit.
833 3768 1008 3833 Verissime
1022 3770 1120 3854 igitur
1133 3766 1216 3831 Hor-

127 3866 233 3932 lxelius
255 3865 340 3931 anal.
362 3865 442 3930 Hor.
463 3888 495 3952 p.
511 3865 561 3928 95.
578 3886 647 3949 sqq.
669 3885 786 3929 nomen
806 3868 930 3932 ecelem‘s
950 3867 1138 3932 mendosum
1160 3866 1216 3930 du-

127 3969 184 4050 xit,
214 3989 276 4030 nec
300 3964 384 4030 male
412 3962 565 4047 territique
592 3964 722 4027 tumultu
750 3967 974 4052 corrigendum
1000 3969 1108 4031 suasit.
1152 3965 1217 4030 Sed

128 4065 226 4132 multo
248 4067 369 4130 maiore
393 4087 465 4130 cum
485 4061 709 4152 probabilitate
732 4087 796 4129 una
817 4065 919 4131 solum
939 4067 1082 4131 lectionis
1103 4064 1215 4150 vulga-

129 4177 182 4233 tae
203 4166 342 4235 litterula
361 4166 575 4252 transponitur
597 4170 628 4226 et
643 4160 756 4228 eadem
771 4165 909 4251 quidem,
925 4189 1021 4255 quam
1040 4165 1217 4231 Lambinus
