2678 4642
151 212 211 277 134
578 228 812 278 conmortuus

143 394 176 478 Ἰ,
200 394 248 478 13,
271 394 320 458 13.
341 394 374 459 sl
390 417 438 460 me
458 396 537 458 satis
557 394 692 483 audias),
715 417 776 481 quo
798 404 894 482 poeta
913 395 1128 482 frugalitatem
1149 417 1244 463 suam

150 494 356 578 indicaverit,
381 502 416 558 ut
440 493 518 558 alibi
538 495 744 598 frequentius.
787 495 828 560 V.
852 495 1019 562 Heindorf.
1043 498 1087 562 ad
1107 496 1175 563 Sat.
1198 496 1245 580 Π,

149 595 180 658 4.
202 618 234 681 p.
256 595 328 658 336.
352 615 400 680 sq.

150 744 181 795 V.
200 746 255 796 108.
274 759 312 810 sq.
762 759 864 794 necnon
879 745 1013 795 verniliter
1028 746 1092 811 ipsis

348 826 479 893 Fungitur
495 825 587 877 officiis
603 826 831 891 praelambens
849 843 931 891 omne,
951 830 1021 894 quod
1038 829 1120 879 affert.

235 957 374 1044 Vulgata
401 958 617 1044 praelambens
648 958 811 1024 Bentleius
839 983 870 1024 v.
898 959 919 1025 l.
948 962 1129 1048 praelibans
1154 967 1246 1024 recte

153 1060 347 1145 praeposuit,
370 1058 522 1142 quoniam
543 1057 583 1122 de
606 1058 719 1123 officiis
734 1080 837 1144 neque
853 1060 937 1124 vitiis
952 1083 1122 1125 vernarum
1136 1080 1246 1123 sermo

154 1167 210 1222 est.
253 1156 306 1221 Ad
334 1157 440 1221 officia
467 1158 616 1222 convenit
637 1158 836 1244 praelibans,
860 1159 902 1223 ad
923 1161 1001 1233 vitia
1018 1160 1250 1249 praelambens.

152 1257 224 1321 Nec
248 1257 373 1321 rodenti
397 1257 479 1320 muri
496 1258 716 1343 praelambens
737 1257 810 1322 idco
832 1259 990 1324 vindicari
1011 1268 1129 1346 potest,
1158 1254 1247 1343 qis}

154 1380 186 1422 v.
204 1357 272 1421 100.
288 1380 450 1442 surrepere
469 1377 527 1442 pro
549 1357 653 1421 subare
674 1356 793 1421 dictum
815 1358 863 1442 sit,
886 1381 979 1444 quem
995 1359 1124 1445 quidem
1137 1357 1246 1423 locum

153 1458 208 1543 qui
229 1457 408 1539 advocavit,
431 1459 461 1519 ei
483 1456 577 1520 etiam
599 1478 705 1521 mures
726 1458 844 1543 pariter
865 1459 996 1523 lambere
1017 1481 1056 1523 ac
1069 1481 1178 1544 repere
1192 1478 1244 1522 so·

153 1556 220 1622 lere
242 1555 523 1622 demonstrandum
544 1562 621 1619 erat.
1271 1544 1275 1550 ’

563 1831 700 1906 SAT.
721 1835 836 1905 vn.

154 2004 185 2056 V.
204 2006 226 2056 1.
244 2019 282 2069 sq.
314 1981 323 1990 .
352 2004 409 2054 Iam
426 2002 523 2053 dudum
540 2004 694 2055 ausculto
712 2011 738 2056 et
755 2006 863 2071 cupiens
879 2005 928 2055 tibi
945 2005 1030 2055 dicere
1047 2020 1137 2055 servus

329 2096 332 2101 ’
353 2089 444 2137 Pauca
460 2087 606 2137 reformido.
939 2101 941 2103 ’

239 2202 433 2288 Interpretes
456 2202 499 2267 ad
520 2203 677 2288 quaslibet
704 2202 832 2289 ellipses
861 2203 1035 2288 confugere
1060 2226 1125 2267 non
1154 2201 1245 2268 dubi-

156 2312 259 2369 tantes
287 2302 423 2367 verbum
451 2304 590 2367 ausculto
627 2303 852 2367 diversissimis
881 2303 1057 2368 rationibus
1087 2301 1246 2367 illustrare

148 2405 221 2468 nisi
242 2411 322 2466 sunt.
365 2401 432 2465 Alii
455 2402 541 2466 enim
563 2402 682 2466 dictum
705 2403 898 2468 arbitrantur
918 2405 984 2467 iam
1012 2403 1129 2467 dudum
1150 2402 1246 2467 audio

155 2517 184 2568 le
204 2504 380 2588 loquentem,
404 2500 457 2564 alii
478 2502 543 2565 r'am
564 2501 620 2565 eliu
641 2504 770 2565 auribus
792 2515 881 2587 capto
910 2515 939 2566 et
964 2502 1044 2567 uelut
1071 2526 1165 2567 oeuor
1193 2526 1246 2589 op-

152 2603 376 2691 portunitatem
396 2599 549 2684 loquendi,
583 2600 638 2664 alii
660 2601 798 2665 ausculto
834 2601 879 2665 ael
895 2604 992 2689 fores
1022 2601 1076 2666 vel
1107 2603 1246 2667 auscudto

156 2715 283 2768 uocatus
305 2700 441 2785 aliaque,
464 2722 546 2785 quae
567 2699 765 2785 redarguere
787 2723 852 2764 non
881 2711 929 2765 est
955 2723 1072 2787 operae
1097 2703 1245 2788 pretium.

156 2802 211 2867 Nil
231 2821 309 2866 vero
332 2799 419 2864 aliud
430 2822 525 2885 quam
539 2802 746 2886 postpositum
760 2823 936 2886 pronomen
952 2803 1012 2866 ribi
1025 2801 1068 2885 (v.
1081 2800 1123 2865 ad
1140 2800 1247 2884 Saul,

62 2909 66 2916 '
157 2903 187 2986 6,
211 2900 295 2984 122.)
319 2902 481 2965 variorum
503 2921 645 2963 errorum
668 2922 779 2964 ansam
802 2899 903 2983 dedit,
930 2922 993 2985 quo
1019 2902 1084 2965 iam
1106 2901 1149 2965 ad
1173 2922 1246 2965 ver·

158 3003 236 3068 bum
268 3001 406 3085 ausculto
437 3008 578 3072 assumto
611 3000 710 3063 oratio
743 3001 851 3063 existit
881 2999 1077 3085 planissima.
1127 2999 1247 3065 Servos

157 3101 287 3188 quidem
319 3101 478 3164 Romanos
518 3097 603 3163 haud
640 3100 784 3184 ignotum
820 3109 867 3164 est
900 3099 1037 3164 liberam
1071 3101 1247 3164 orationem

156 3225 222 3267 non
247 3200 396 3265 habuisse
421 3199 483 3262 nisi
510 3198 732 3263 saturnalibus
776 3198 876 3263 Suam
902 3200 1011 3285 itaque
1033 3197 1248 3271 conditionem

156 3302 352 3366 Horatianae
379 3320 540 3384 opponens
561 3296 673 3362 Davus
695 3300 752 3362 ait:
784 3301 849 3363 r'am
871 3298 987 3363 dudum
1008 3313 1130 3364 tuorum
1152 3299 1249 3365 dicto·

130 3480 132 3485 ¹
156 3427 226 3467 rum
252 3399 442 3464 auscultator
466 3421 533 3461 sum
555 3409 583 3460 et
604 3399 730 3483 cupiens
750 3400 810 3462 ubi
819 3422 930 3484 pauca
952 3398 1054 3463 dicere
1075 3423 1181 3463 seruus
1202 3423 1249 3464 re-

147 3500 303 3590 formido.
353 3498 477 3583 Nempe
506 3506 657 3560 consueta
684 3498 822 3562 conditio
852 3498 990 3582 servilis,
1019 3521 1083 3584 qua
1111 3499 1249 3564 domitos

156 3599 297 3665 habebat
319 3595 427 3662 oculos
448 3605 480 3660 et
499 3618 612 3660 manus
635 3598 873 3682 orationemque
890 3597 933 3679 (v.
953 3597 1057 3662 Plaut.
1072 3597 1140 3662 Mil.
1157 3598 1249 3664 Glor.

156 3700 200 3784 II,
222 3698 283 3783 2.),
309 3698 438 3761 Davum
460 3696 559 3760 etiam
584 3696 796 3761 saturnalibus
817 3696 994 3783 prohibuit,
1025 3719 1066 3761 ne
1088 3720 1180 3761 suum
1202 3700 1250 3763 in-

156 3801 300 3864 stitueret
324 3818 503 3861 sermonem
526 3794 568 3859 ad
588 3796 717 3860 modum
737 3796 898 3861 Iuvenalis
919 3797 946 3880 I,
974 3801 1002 3861 l.
1045 3796 1173 3884 Seruper
1195 3822 1251 3887 epo

158 3899 284 3963 autlr'tor
305 3896 443 3962 tautum?
463 3895 679 3982 Numquamne
699 3896 868 3983 reponam?

157 4034 188 4085 V.
207 4035 245 4084 18.
265 4047 321 4098 sqq.
658 4033 754 4094 quanto
773 4029 933 4079 constantior
949 4027 1049 4078 isdem
1094 4001 1099 4006 ¹

354 4114 387 4163 ln
402 4112 481 4175 vitiis,
497 4115 570 4163 tanto
588 4110 671 4161 levius
688 4113 766 4161 miser
782 4127 815 4161 eo
830 4113 919 4177 prior
935 4111 1007 4176 illo,

354 4196 407 4259 Qui
422 4197 475 4247 iam
492 4199 621 4260 contento,
638 4195 691 4245 iam
708 4195 768 4246 laxo
786 4194 850 4245 lune
867 4195 979 4246 laborat.
