2678 4642
255 167 257 171 ’
366 193 402 242 m
423 191 612 245 sannarum
632 192 761 241 nmnun
780 192 930 261 rrunuu¹
1139 177 1180 244 41

90 357 326 424 sermocinante
346 358 481 446 intelligi
501 356 663 444 potuisset,
685 378 783 444 quum
802 357 856 423 hic
876 358 1003 424 nonnisi
1019 359 1060 424 de
1079 359 1180 427 lacul-

91 466 159 523 tate
179 458 250 523 eius
270 459 398 546 poetica
418 468 542 545 agatur,
564 457 771 542 quamobrem
782 479 887 542 neque
902 457 969 523 Sat.
981 458 1008 543 I,
1020 460 1049 542 2,
1065 460 1115 524 68.
1131 482 1180 547 sq.

90 557 179 622 Huic
199 559 232 624 si
248 561 382 624 mutones
402 559 504 624 corbeis
524 558 608 622 mala
627 570 715 622 tauta
735 557 868 632 uideatis
882 557 999 622 diceret
1018 559 1093 623 llaec
1115 561 1182 624 uai-

90 679 162 722 mue
192 656 236 722 ad
267 659 418 745 tequemio
450 656 687 722 defendendum
701 679 702 682 ¹
717 656 879 722 advocare
910 656 996 721 licet.
1040 657 1183 723 Deuotat

89 755 244 842 laquem
263 757 286 820 i.
305 779 339 843 q.
361 758 498 822 omrem’s
528 765 560 820 et
579 757 681 821 carmi
697 756 719 820 i.
742 778 773 842 q.
796 758 927 841 grimmo
948 755 1055 840 (sicuti
1075 757 1181 844 Epist.

89 855 138 939 11,
159 855 189 939 3,
210 855 288 941 21),
309 857 355 920 ita
374 864 410 920 ut
429 855 597 949 Horatius,
614 855 749 943 perinde
781 854 843 920 hoc
874 854 944 920 loco
976 866 1071 943 atque
1103 855 1182 922 alibi

93 952 141 1039 (v.
163 977 191 1020 c.
213 954 321 1048 (lamp,
342 955 386 1040 Π,
410 955 458 1039 16,
479 955 546 1039 38.)
578 977 613 1019 se
643 954 733 1019 tenui
767 953 868 1019 solum
899 956 1010 1042 spiritu
1037 955 1181 1042 gaudere

91 1054 241 1120 fateatur.
274 1053 337 1120 Cui
357 1045 492 1141 'spiritus
521 1053 571 1119 sui
599 1054 743 1118 tenuitati
771 1054 876 1119 facete
905 1055 1047 1141 opponit:
1078 1055 1122 1119 Aa
1149 1069 1183 1120 ta

92 1154 254 1219 conclusas
274 1154 406 1218 dalmaria
417 1155 556 1242 follibus
576 1177 682 1235 aaran,
703 1177 798 1239 usqae
817 1153 1002 1237 laborantes,
1025 1154 1099 1220 dam
1109 1156 1182 1241 fer·

90 1276 165 1318 rum
184 1253 303 1318 molliat
322 1253 414 1341 tynis,
436 1266 471 1318 at
490 1254 752 1337 maviae’mitare.

91 1367 126 1420 V.
142 1369 184 1422 ²1.
200 1384 258 1435 sqq.
690 1369 788 1419 Beatus
804 1368 925 1419 Fannius
941 1367 1009 1420 ultro

291 1449 418 1501 Delatis
435 1450 521 1516 capsis
538 1455 564 1501 et
580 1450 704 1518 imagine,
722 1454 804 1517 quum'
818 1466 876 1501 mea
892 1467 969 1503 nemo

291 1534 395 1600 Scripta
410 1533 482 1600 legat
498 1533 577 1600 vulgo
594 1535 703 1584 recitare
719 1533 833 1584 timentis
849 1571 933 1582 ...-

177 1647 272 1714 Haec
298 1648 401 1714 verba
431 1648 573 1714 nondum
600 1658 687 1714 recte
717 1657 865 1714 enarrata
892 1647 1032 1714 invenio.
1075 1649 1183 1730 Quum

93 1757 192 1836 poeta
222 1770 328 1835 neque
361 1746 535 1813 delatorem
566 1748 739 1835 quemdam
770 1770 940 1834 capsarum
970 1748 1183 1834 imaginisque

92 1848 226 1931 Fannii,
254 1870 316 1912 nec
336 1847 372 1912 in
392 1869 488 1934 quem
513 1846 619 1912 locum
645 1848 726 1913 istae
752 1870 805 1912 res
832 1847 957 1912 delatae
985 1848 1063 1930 sint,
1089 1848 1182 1913 nobis
1266 1890 1268 1894 ι

94 1947 287 2035 prodiderit,
310 1957 342 2012 et
367 1945 541 2012 delatorem
568 1956 599 2012 et
624 1945 730 2012 locum
754 1946 837 2011 male
864 1946 966 2012 seduli
993 1947 1183 2032 interpretes

95 2069 155 2112 suo
177 2069 220 2111 ex
245 2046 636 2133 ingeniosuggerebant,
667 2048 784 2133 partim
810 2047 834 2111 ii
860 2046 990 2132 quidem
1016 2045 1183 2112 adulantes

95 2144 300 2233 heredipetas
329 2168 403 2211 cum
428 2144 632 2211 bibliothecis
659 2145 797 2233 publicis
828 2146 881 2211 vel
906 2145 975 2210 sola
1000 2146 1042 2211 ab
1067 2145 1182 2211 Asinio
1251 2145 1253 2148 ⁴

95 2245 242 2311 Pollione
265 2245 394 2311 condita
413 2244 466 2310 vel
487 2244 684 2311 bibliotheca
703 2245 857 2332 Augusti,
886 2246 1003 2332 partim
1030 2244 1183 2332 populum

96 2344 151 2411 vel
171 2354 316 2411 senatum
331 2345 515 2409 ¹Romanurn
537 2367 610 2408 cum
626 2344 720 2409 domo
731 2345 857 2429 Fannii,
878 2346 994 2432 partim
1008 2344 1073 2410 alia
1086 2347 1182 2410 mira-
1282 2396 1285 2404 .

94 2444 175 2511 bilia
196 2445 482 2517 comminiscentes.
514 2442 666 2509 Dilucide
677 2466 754 2509 vero
765 2445 884 2509 Fannii
896 2444 1068 2510 conditioni
1078 2445 1182 2509 Hora·

94 2533 186 2609 tiana
212 2543 347 2609 traditur
379 2544 539 2616 contraria
571 2550 659 2626 esse,
688 2543 814 2609 Fannio
846 2544 975 2631 quidem
1006 2566 1120 2630 capsas
1152 2552 1185 2610 et

96 2642 274 2729 imaginem
295 2643 376 2708 ultro
398 2643 571 2726 deferente,
592 2640 727 2708 Horatio
745 2666 802 2708 sua
816 2645 936 2730 scripta
945 2643 1183 2709 nondumforas

97 2741 208 2826 dante,
221 2730 297 2808 ¹'nec
321 2741 419 2829 vulgo
436 2743 605 2833 recitante.
648 2742 743 2807 Unde
775 2742 871 2809 facile
897 2743 1078 2829 dispicitur,
1104 2741 1184 2808 illud

95 2843 177 2908 altro
205 2843 329 2930 deferre
350 2842 515 2909 dumtaxat
540 2841 685 2906 indicare
715 2843 799 2907 uallo
823 2845 926 2928 pretio
947 2842 1092 2924 oeadme,
1120 2866 1183 2907 um-

95 2955 182 3008 aoast
202 2943 383 3028 uerbuufea,
405 2949 439 3005 ut
459 2941 563 3028 Epist.
585 2941 612 3024 I,
635 2942 684 3025 12,
703 2941 754 3005 22.
776 2963 823 3027 sq.
846 2943 879 3006 si
895 2941 974 3029 quid
984 2953 1080 3027 petet,
1102 2941 1182 3006 altro

96 3040 196 3128 defer.
239 3040 350 3106 Verba
372 3048 489 3105 autem
514 3051 615 3128 'qaam
645 3064 714 3105 mea
742 3064 830 3105 acmo
861 3043 980 3126 comptu
1006 3041 1088 3128 Legat
1118 3062 1184 3105 non

97 3140 281 3227 significant
301 3165 395 3227 qaam
415 3164 483 3205 mea
502 3163 589 3206 nemo
616 3141 735 3226 ser-epta
761 3139 859 3226 lepore
886 3141 974 3222 velit,
1006 3139 1066 3204 sed
1090 3164 1184 3227 quum

97 3263 171 3322 mea,
185 3263 274 3307 nemo
294 3241 413 3326 ecrrgrtu
432 3240 531 3328 lepore
546 3241 661 3327 posset,
684 3246 797 3326 utpote
824 3261 906 3327 quae
932 3238 1038 3305 adhuc
1063 3239 1184 3306 inedita

97 3348 214 3404 essent.
243 3339 285 3406 V.
300 3363 331 3405 v.
349 3339 398 3404 ll.

73 3488 76 3493 ·
96 3455 188 3512 Ml.
204 3471 262 3523 sqq.
300 3455 378 3518 Quod
394 3458 462 3520 sunt,
480 3471 545 3521 quos
563 3472 646 3522 genus
662 3456 715 3506 hoc
729 3456 833 3505 minime
848 3455 929 3518 iuvat,
945 3459 1036 3522 utpote
1051 3455 1158 3522 plures

267 3546 269 3550 “
296 3538 405 3603 culpari
421 3539 522 3606 dignos.
557 3540 681 3601 Quemvis
698 3539 783 3589 media
800 3539 886 3604 eripe
902 3539 992 3590 turba:
1061 3538 1063 3543 ’

144 3676 146 3681 ,
266 3635 269 3640 ’
295 3620 356 3672 Aut
372 3621 409 3672 ob
427 3621 595 3671 avaritiam
611 3626 666 3673 aut
682 3623 797 3672 misera
814 3622 989 3672 ambitione
1006 3621 1140 3673 laborat.

181 3735 256 3802 Non
277 3744 334 3821 est,
355 3746 446 3823 puto,
475 3759 533 3801 cur
554 3738 662 3824 plures
683 3745 827 3802 attentes.
871 3736 942 3818 Quo
963 3737 1059 3803 modo
1079 3737 1183 3802 Hora·

92 3835 160 3902 tius
182 3849 258 3919 erat,
280 3837 364 3924 quod
384 3837 424 3904 de
445 3856 477 3902 v.
491 3836 540 3901 11.
562 3838 733 3923 perplura
753 3835 891 3901 reddidit
912 3835 980 3901 Sat.
1002 3835 1029 3919 I,
1052 3837 1101 3920 10,
1122 3836 1184 3920 59,

99 3918 214 4001 eodem
234 3936 288 4001 hic
308 3948 388 4020 sarit,
411 3960 486 4023 quos
506 3937 689 4022 perplures
710 3934 872 4022 explicuit
908 3934 969 4000 Oui
980 3934 1185 4022 explicationi

17 4050 22 4057 '
96 4056 164 4101 non
185 4035 291 4102 obstat
306 4034 373 4100 Sat.
386 4035 430 4119 11,-
443 4036 471 4118 l,
482 4036 533 4121 23.
555 4061 648 4122 qaam
668 4037 733 4101 eidi
749 4036 876 4122 parsque
897 4035 990 4118 lobea,
1010 4035 1185 4122 namquod

99 4134 163 4202 sibi
184 4135 320 4222 quisque
340 4133 482 4219 timebat,
504 4134 579 4200 inde
600 4157 665 4202 non
682 4135 894 4222 consequitur,
916 4155 1073 4223 quemque
1089 4134 1185 4202 etiam
