2678 4642
122 192 183 258 120
242 185 250 218 ²
274 208 277 214 ⁴
549 208 782 258 cnumcrmnn

53 416 55 420 -
121 382 154 438 et
173 371 316 439 nonnulli
335 372 460 440 librarii
480 375 563 440 uem's
583 375 760 441 scribentes
787 395 851 438 non
878 374 1080 438 extrinsecus
1111 396 1227 440 arces-

122 496 194 538 sere
217 473 390 539 debebant.
432 474 557 560 Nempe
585 474 808 561 refingendum
832 483 883 538 est
910 475 967 561 qui
989 475 1111 561 species
1138 475 1229 539 adias

102 603 104 607 ·
121 571 198 639 netis
213 571 365 656 ualuitque
380 573 419 656 (s,
435 572 601 659 celeresque)
618 575 747 640 tumultu
753 575 933 661 permeatus
947 574 1056 660 capiet.
1081 573 1227 660 Species

122 673 235 738 celerer
256 672 337 738 dixit
356 683 460 759 poeta,
481 673 568 738 velut
589 675 699 739 celeres
720 667 844 738 iambos
867 671 972 737 Carm.
994 671 1021 757 Ι,
1044 673 1096 757 16,
1118 673 1177 738 24.

95 853 97 856 -
120 822 152 874 V.
173 823 230 874 211.
247 837 304 888 sqq.
327 821 395 872 Aiax
412 827 500 887 quum
509 824 648 873 immeritos
665 822 767 884 occidit,
785 823 886 887 desipit,
904 837 999 888 agnos:

321 906 407 966 Quum
424 906 537 971 prudens
555 905 640 956 scelus
658 905 691 956 ob
709 905 798 958 titulos
817 904 969 955 admittis
986 904 1087 967 inanes,

248 1019 250 1023 .
319 987 380 1038 Stes
397 989 483 1039 animo
501 993 527 1038 et
542 1005 636 1054 purum
652 992 692 1038 est
707 989 780 1050 vitio,
797 987 861 1037 tibi
873 1003 952 1053 quum
963 987 1090 1037 tumidum
1102 991 1144 1038 est
1158 990 1226 1039 cor?

205 1117 529 1206 Exspectabas'sane
559 1134 592 1184 tu
619 1119 771 1202 admittis,
798 1141 974 1207 pronomen
1001 1128 1111 1196 tamen
1143 1119 1223 1186 sub·

122 1217 296 1282 stantivum
318 1220 415 1283 etiam
440 1221 474 1284 in
503 1221 722 1306 contrapositis
750 1220 792 1285 ab
819 1219 954 1284 Horatio
982 1240 1222 1305 saepenumero

123 1317 275 1381 omissum
308 1328 368 1402 cst,
400 1342 433 1384 v.
457 1343 485 1385 c.
515 1319 584 1384 Sat.
606 1320 632 1403 I,
661 1319 690 1403 9,
720 1319 770 1384 76.
798 1341 846 1405 sq.
888 1319 958 1406 Epo
990 1342 1061 1383 aero
1095 1343 1222 1404 oppono

124 1416 308 1482 auriculam.
352 1419 453 1505 Rapit
473 1421 508 1484 iu
528 1421 588 1484 ius.
620 1418 647 1502 Ι,
677 1418 725 1501 10,
757 1417 808 1484 35.
842 1440 912 1504 sqq.
946 1416 1072 1482 Scilicet
1105 1419 1223 1483 oblitus

117 1517 303 1603 patriaeque
324 1521 510 1605 patrisque,
540 1519 655 1583 Latiae
683 1542 776 1603 quum
802 1517 921 1582 Pedius
949 1540 1060 1581 causac
1087 1517 1222 1582 exsudet

120 1611 225 1697 ’--,
240 1620 363 1703 patriis
383 1613 592 1683 intermiscere
610 1619 709 1702 petita
736 1617 829 1682 verda
847 1618 939 1704 foria
965 1617 1065 1680 madia
1110 1616 1220 1703 Epist.

121 1710 148 1794 Ι,
185 1714 232 1797 14,
264 1716 313 1781 19.
346 1739 416 1803 sqq.
449 1741 527 1803 quae
559 1717 681 1781 deserta
712 1729 740 1780 et
770 1717 928 1801 elidospita
962 1728 1072 1800 tesqua,
1102 1716 1243 1799 credeb‚'

123 1836 252 1878 amoena
273 1830 371 1899 uocat,
392 1842 509 1882 mecam
529 1817 587 1904 qui
604 1817 696 1880 scutit
717 1827 745 1879 et
767 1815 840 1897 odit,
864 1839 942 1901 quae
956 1828 989 1878 tu
1002 1815 1140 1902 pulchra
1154 1840 1219 1902 pu·

121 1923 180 1975 tas.
202 1912 246 1998 H,
268 1916 297 1999 2,
321 1917 370 1980 64.
393 1916 479 2003 quod
494 1919 586 2003 petia,
619 1915 656 1980 id
685 1937 758 1979 caue
790 1927 835 1978 est
864 1915 999 1978 inuisum
1030 1913 1217 2002 acidumque

122 2010 249 2077 duodus.
294 2014 401 2081 Carm.
428 2016 472 2099 H,
502 2016 552 2080 17.
580 2025 660 2080 extr.
703 2013 848 2077 Reddere
879 2013 1021 2078 victimas
1049 2012 1217 2100 aedemque

121 2113 255 2177 votivam
275 2129 430 2198 memerato,
451 2139 508 2181 uos
529 2116 671 2180 humilem
683 2114 842 2200 feriemus
862 2137 984 2200 apuam.
1018 2112 1079 2196 ΠΙ,
1096 2113 1145 2196 16,
1162 2114 1214 2178 38.

122 2233 178 2274 aec
198 2213 230 2277 si
239 2214 339 2298 plura
360 2216 465 2298 aelim,
493 2229 527 2280 tu
548 2215 624 2280 dare
646 2215 782 2300 deaepea
826 2211 896 2276 Hos
919 2210 1048 2297 quidem
1071 2210 1215 2298 aliosque

121 2307 209 2374 locos
230 2310 394 2378 Bentleius
416 2315 549 2379 intactos
570 2313 706 2399 reliquit,
737 2311 795 2376 sed
815 2335 847 2376 v.
869 2311 941 2375 212.
965 2320 997 2375 et
1017 2311 1101 2395 234„
1131 2313 1215 2377 sicut

6 2441 28 2479 .·
123 2406 192 2473 Sat.
214 2409 241 2493 I,
263 2412 292 2494 2,
314 2413 364 2477 90.
397 2423 428 2477 et
448 2412 551 2499 Epist.
573 2413 600 2498 Ι,
624 2413 672 2496 14,
693 2412 745 2476 40.
774 2410 966 2497 interpolare
992 2433 1058 2475 non
1085 2421 1215 2478 cuncta-

8 2566 11 2575 .
122 2515 172 2572 tus
195 2519 252 2574 est.

204 2608 245 2673 V.
268 2610 339 2674 213.
360 2633 537 2698 pronomen
558 2612 618 2675 tibi
637 2633 709 2674 cum
735 2609 845 2674 verbis
876 2609 1081 2696 sequentibus
1111 2611 1217 2697 aptius

33 2754 35 2757 -
122 2706 263 2872 iqqgitqr
291 2704 388 2794 quam
416 2733 490 2776 cum
515 2707 787 2775 antecedentibus.
831 2708 898 2774 cfr.
933 2707 1000 2773 Sat.
1029 2709 1055 2792 Ι,
1082 2710 1113 2794 2,
1143 2711 1216 2775 114.

125 2810 142 2870 1
187 2831 259 2873 .1.

123 2939 153 2990 V.
170 2941 227 2994 230.
245 2958 283 3009 sq.
679 2940 763 3012 Qujid
779 2944 860 2992 tum?
892 2942 994 2994 Venere
1010 2941 1168 3007 frequentes.

319 3025 407 3077 Verba
422 3026 487 3076 facit
503 3025 563 3076 leno
582 3061 680 3072 ......

206 3157 299 3222 Licet
320 3158 382 3222 duo
403 3159 491 3222 Fece
514 3157 595 3223 Cdd.
619 3159 874 3225 emendationem
898 3156 1036 3223 Bentleii
1063 3157 1121 3242 qui
1147 3181 1219 3223 cum

125 3256 319 3339 confirment,
341 3279 546 3343 nequaquam
566 3265 674 3323 tamen
694 3258 756 3324 hoc
777 3259 991 3324 testimonium
1006 3277 1108 3342 grave
1123 3256 1217 3321 vide-

126 3364 186 3438 tur,
209 3357 326 3444 quippe
348 3357 534 3443 paucissimi
554 3355 677 3422 librarii
702 3358 799 3446 longe
826 3359 951 3424 facilius
977 3358 1034 3443 qui
1060 3379 1128 3419 cum
1155 3379 1216 3442 pro

124 3455 202 3541 quid
222 3469 286 3521 tum
307 3478 486 3543 supponere
508 3465 655 3543 poterant
680 3480 776 3544 quam
804 3458 932 3546 plurimi
959 3455 1037 3543 quid
1066 3467 1130 3519 tum
1155 3457 1240 3541 pro'

126 3557 183 3640 qui
202 3579 279 3620 cum.
312 3555 383 3621 Nec
404 3555 503 3642 pluris
526 3556 676 3641 equidem
696 3559 815 3623 faciam
837 3583 867 3622 v.
883 3557 904 3622 1.
928 3556 1113 3644 quidecim,
1138 3556 1219 3641 quia

124 3655 175 3718 vis
198 3655 266 3719 eius
288 3654 444 3721 formulae
468 3655 512 3739 (v.
536 3655 808 3742 11111111.)
831 3657 894 3722 huc
914 3657 1045 3720 minime
1067 3654 1216 3740 quadrat.

125 3752 192 3818 Sed
205 3753 283 3840 quid
297 3755 381 3819 tum?
404 3777 507 3842 aeque
523 3754 679 3820 absonum
694 3757 799 3822 videri
813 3766 926 3844 potest,
949 3755 1101 3842 quadres
1117 3777 1217 3840 quae·

124 3852 199 3917 dam
227 3855 448 3941 inexspectata
473 3877 538 3919 non
567 3856 788 3942 subsequatur.
832 3857 1043 3941 Subsequitur
1064 3876 1159 3938 vero,
1187 3856 1218 3920 si

123 3963 197 4039 post
211 3954 392 4039 frequentes
414 3953 506 4021 colon
526 3957 682 4042 posueris,
703 3956 789 4021 unde
817 3957 901 4021 redit
930 3955 1084 4020 sententia
1111 3968 1146 4018 ut
1166 3979 1218 4019 ue-

123 4077 195 4117 uere
217 4054 409 4140 frequentes.
453 4055 529 4119 Pari
560 4055 654 4120 modo
690 4056 814 4122 scribas
847 4056 954 4121 Carm.
987 4055 1013 4138 Ι,
1046 4054 1097 4118 34.
1131 4063 1215 4120 extr.

53 4220 57 4237 ,
123 4152 208 4218 Hiac
229 4157 349 4240 apicem
375 4179 479 4242 rapace
510 4155 652 4221 Fortuua
685 4179 754 4222 cam
784 4156 919 4223 stridore
950 4168 1039 4221 acuto
1071 4155 1217 4219 scutulit:
