2678 4642
362 235 397 282 m
419 233 609 283 sarmarum
630 234 759 282 amnon
780 233 965 281 snouunnu
1158 217 1219 282 133

127 399 233 485 cibus,
261 422 341 487 quas
362 401 480 488 pulsati
499 401 638 466 viatores
659 400 869 483 interficiant,
896 420 963 464 non
984 397 1135 464 diffitetur
1155 399 1219 464 sibi

124 499 240 571 mellea
255 501 340 565 fieri.

124 616 156 667 V.
174 617 214 668 32.
232 632 270 682 sq.
764 615 800 666 At
816 615 894 665 simul
911 620 998 666 atras

321 698 434 750 Ventum
450 702 490 747 est
505 697 639 763 Esquilias
656 741 738 751 ..-

208 796 373 882 Esquiliae
395 799 461 861 iam
482 797 627 862 salubres
648 820 710 862 nec
732 796 866 884 amplius
889 810 977 861 atrae
997 805 1097 879 erant,
1120 819 1216 882 quum

124 895 276 961 Horatius
298 896 382 962 hunc
404 919 585 961 sermonem
606 897 773 962 scriberet.
817 897 857 962 V.
881 895 947 960 Sat.
969 895 996 978 Ι,
1018 897 1048 979 8,
1072 897 1121 960 14.
1145 918 1215 982 sqq.

123 996 223 1060 Haud
250 997 316 1060 scio
350 997 447 1082 igitur
475 1019 515 1059 an
541 1020 572 1061 v.
600 996 621 1061 l.
645 996 704 1062 (ld.
726 995 833 1060 Berol.
856 997 937 1059 altas
957 994 1107 1080 vulgatae
1129 1010 1218 1061 atros

123 1095 337 1181 praeferenda
359 1098 408 1160 sit.
441 1095 507 1161 Ofr.
530 1095 636 1162 Carra.
658 1095 719 1179 HI,
741 1096 860 1180 29,10.
883 1096 991 1160 molem
1007 1097 1217 1182 propterquam

121 1195 254 1259 aubibus
275 1195 394 1260 arduis.

122 1311 154 1362 V.
172 1311 212 1362 38.
307 1311 470 1377 Imprimat
486 1311 534 1374 his,
552 1326 622 1373 cura,
638 1311 779 1360 Maecenas
796 1311 889 1376 signa
906 1308 1018 1359 tabellis.

207 1393 243 1458 si
256 1394 411 1459 Horatius
425 1394 564 1480 Augusti
585 1394 697 1458 fuisset
717 1392 912 1476 tabellarius,
934 1392 1122 1477 interpretes
1137 1416 1215 1459 sane

123 1489 178 1557 hic
198 1493 292 1558 nobis
313 1516 445 1558 narrare
465 1495 652 1580 potuissent,
673 1493 759 1579 quod
774 1493 838 1557 Dio
854 1491 985 1556 Cassius
996 1492 1052 1575 LI,
1064 1492 1093 1556 3.
1106 1503 1216 1559 auctor

124 1601 186 1676 est,
211 1592 435 1658 Maecenatem
457 1603 489 1658 et
508 1594 688 1679 Agrippam
710 1594 831 1679 scripta
850 1591 988 1677 Augusti
1009 1591 1051 1655 ad
1072 1604 1216 1658 senatum

122 1691 250 1778 aliaque
278 1694 501 1779 percensuisse
530 1703 562 1756 et
590 1714 631 1757 ex
657 1692 788 1757 arbitrio
816 1714 873 1756 suc
896 1693 1066 1755 immutatis
1088 1693 1216 1778 signum

123 1791 165 1856 ab
180 1791 325 1878 Augusto
348 1802 514 1878 acceptum
531 1793 741 1878 impressisse.
774 1791 874 1877 Atqui
887 1791 1039 1855 Horatius
1053 1814 1094 1855 ne
1109 1793 1217 1858 scriba

122 1891 253 1978 quidem
272 1891 413 1978 Augusti
434 1892 504 1958 fieri
525 1891 633 1973 voluit,
654 1891 773 1955 nedum
792 1890 987 1974 tabellarius,
1010 1912 1146 1974 quocum
1166 1893 1213 1957 in·

122 2014 220 2077 super
247 1992 352 2056 officio
381 2013 443 2055 nec
463 2013 651 2077 responsum
672 1993 818 2076 esperr’ar
839 2012 944 2075 neque
966 1989 1215 2057 additamentum

122 2091 302 2155 mandantis
325 2093 356 2155 si
373 2093 430 2171 vis,
444 2103 538 2176 potes
558 2089 624 2155 ulla
644 2092 766 2154 ratione
789 2089 971 2154 concordat.
1004 2088 1137 2154 Minime
1152 2092 1214 2177 igi·

121 2197 173 2253 tur
192 2189 331 2275 Augusti
358 2189 495 2254 tabellae
520 2188 583 2254 hoc
609 2188 680 2254 loco
702 2190 902 2275 significatae
925 2196 1012 2272 sunt,
1039 2189 1098 2253 sed
1118 2189 1215 2277 longe

122 2289 217 2372 aliae,
240 2311 318 2375 quas
341 2299 489 2353 auctores
511 2311 531 2352 a
553 2288 645 2353 docto
666 2289 856 2354 Maecenate
879 2289 1041 2376 obsignari
1061 2288 1096 2371 (i.
1114 2311 1140 2353 e.
1161 2314 1215 2377 op-

112 2390 266 2475 probari)
299 2387 428 2452 vellent.
482 2388 609 2453 Eodem
644 2388 775 2453 consilio
808 2389 904 2453 etiam
931 2389 1077 2473 Augusto
1102 2399 1215 2475 poetas

120 2511 180 2554 sua
206 2489 325 2575 scripta
350 2487 477 2553 tradere
506 2489 710 2554 consuevisse
736 2509 779 2553 ex
805 2488 908 2575 Epist.
931 2487 975 2570 H,
999 2487 1026 2572 1,
1048 2489 1120 2554 219.
1143 2512 1212 2576 sqq.

121 2590 355 2675 cognoscimus.

119 2705 152 2758 V.
169 2708 209 2758 17.
225 2722 263 2772 sq.
299 2706 351 2755 Per
366 2710 448 2756 totum
464 2704 515 2755 hoc
530 2709 631 2770 tempus
649 2704 789 2755 subiectior
804 2703 833 2753 in
849 2703 918 2754 diem
935 2707 968 2753 et·
975 2702 1067 2752 horam

301 2790 420 2839 Invidiae
436 2794 556 2840 noster.

203 2887 319 2951 Noster
346 2909 408 2951 nec
428 2886 481 2951 hic
503 2908 564 2950 uec
585 2884 662 2949 alibi
681 2885 703 2950 i.
727 2905 758 2970 q.
781 2907 851 2971 epo,
881 2883 939 2948 sed
959 2897 1062 2948 noster
1084 2886 1212 2952 amicus.

121 2984 188 3051 Otr.
212 2985 319 3051 Oarm.
343 2986 370 3069 Ι,
394 2985 442 3069 15,
464 2985 515 3049 32.
536 3008 598 3050 eoa
618 2985 674 3048 hoo
691 2984 850 3070 pollicitos
871 2995 950 3047 tuae.
993 2983 1020 3067 Ι,
1043 2983 1094 3068 25,
1117 2986 1146 3050 l.
1167 3011 1215 3052 me

121 3098 174 3150 tuo
195 3085 305 3172 longas
321 3097 469 3171 pereunte
489 3096 601 3149 noctes.
634 3082 696 3166 ΠΙ,
717 3082 747 3166 4,
769 3084 820 3147 21.
836 3104 883 3170 sq.
922 3083 1035 3166 Vester,
1055 3083 1214 3171 Camenae,

119 3199 219 3250 vester
244 3187 279 3249 ia
306 3185 423 3249 arduos
449 3184 540 3248 tollor
567 3182 708 3250 saletos.
753 3181 858 3268 Supra
885 3205 918 3246 v.
940 3183 991 3245 41.
1015 3204 1061 3269 sq.
1085 3183 1165 3266 (Sat.
1187 3186 1214 3271 Ι,

121 3285 151 3367 6,
173 3284 238 3369 62.)
261 3309 308 3349 me
330 3286 428 3370 coepit
449 3285 559 3348 habere
580 3306 707 3347 suoram
726 3283 762 3347 ire
781 3305 917 3346 numero.
949 3281 1040 3346 Infra
1054 3305 1085 3347 v.
1101 3284 1151 3349 65.
1164 3307 1213 3372 sq.

120 3385 232 3468 quibus
257 3386 324 3470 epse
348 3384 466 3470 meique
494 3396 565 3448 aete
590 3383 688 3447 larem
710 3384 876 3469 proprium
904 3405 1019 3446 vescor.
1062 3382 1214 3449 Horatius

121 3491 230 3548 autem
249 3505 315 3548 non
337 3493 406 3547 erat
425 3483 523 3568 vulgo
544 3481 721 3564 adamatus,
743 3490 935 3569 quapropter
950 3494 1053 3546 aester
1067 3505 1131 3548 non
1145 3485 1214 3550 sinc

120 3583 226 3647 ironia
247 3583 328 3647 dixit
348 3583 495 3669 belleque
516 3583 638 3646 nomini
656 3578 795 3646 inuidiae
816 3581 920 3645 statim
939 3580 1113 3649 subiunxit.

123 3698 155 3750 V.
175 3699 215 3750 63.
233 3715 273 3765 sq.
329 3699 351 3748 0
371 3700 475 3765 qnando
493 3699 556 3750 faba
572 3697 739 3763 Pythagoraa
756 3703 869 3764 cognata
886 3697 1014 3762 simulque

319 3782 409 3832 Uncta
426 3784 507 3832 satis
524 3781 617 3847 pingui
633 3781 899 3851 ponenturoluscula
915 3780 1000 3831 lardo!

203 3879 455 3967 Elegantissime
481 3889 530 3945 est
552 3879 709 3945 Meinekii
736 3880 919 3944 coniectura
945 3880 1094 3965 almaque
1121 3895 1215 3946 aneto

121 3977 199 4062 fulls
217 3982 335 4067 pingui
349 3993 503 4066 ponentur
524 3980 660 4044 olusculo
680 3979 784 4063 lardo,
810 3981 830 4044 i.
855 4002 883 4044 e.
905 3980 1053 4066 smulque
1076 4003 1143 4044 corr
1155 3982 1214 4068 fa-

121 4081 179 4145 bis.
218 4079 323 4161 Quam
345 4080 400 4166 qui
419 4079 499 4144 nolit
520 4079 676 4165 amplecti,
699 4081 776 4144 sotis
797 4079 910 4144 saltem
924 4101 997 4144 cum
1010 4092 1103 4145 uncto
1119 4102 1214 4166 copu-

120 4179 179 4264 let,
204 4189 239 4246 ut
263 4181 304 4245 sit
329 4194 424 4248 aucto
449 4178 534 4267 quod
558 4181 637 4246 sctis
665 4193 710 4244 est
736 4201 793 4245 seu
806 4192 909 4246 ‘aucta
928 4181 989 4246 rite
1011 4179 1083 4264 (cfr.
1106 4178 1212 4246 Oarm.
