2678 4642
83 251 84 255 ,
143 189 185 256 24
572 205 806 254 conmortuus

142 371 197 436 siti
217 369 489 436 existimabantur.
533 370 600 436 Sed
620 371 648 437 si
669 371 703 435 in
723 370 991 459 universum'ipsi
1011 369 1156 435 homines
1177 391 1237 457 pro

111 483 124 525 '·
142 469 220 553 illis,
241 491 320 557 quos
341 471 557 557 frequentant,
579 471 657 537 locis
679 469 824 536 substitui
843 478 987 555 possent,
1008 491 1125 534 nomen
1146 470 1236 535 bocio

143 570 288 656 profecto
309 569 490 634 innumeras
511 568 633 636 babere
655 569 788 636 deberet
807 569 1057 655 significationes
1081 591 1142 634 nec
1163 591 1237 634 raro

143 667 351 735 vehementer
376 668 551 735 mirabiles.
596 669 709 755 Itaque
734 690 834 754 aegre
860 669 1052 755 perspicias,
1084 668 1139 755 qui
1164 668 1237 734 talis

144 768 296 835 machina
316 769 379 835 sibi
398 769 495 834 fidem
515 769 653 855 potuerit
674 767 871 856 comparare.
913 767 1065 832 Horatius
1087 768 1238 843 videlicet

144 868 229 934 solos
257 869 519 933 commemoravit
545 877 688 933 tonsores
718 889 823 954 neque
848 868 954 953 magis
985 867 1055 932 illos
1081 866 1238 954 homines,

143 969 198 1055 qui
219 967 344 1033 adirent
364 975 518 1052 tonsores,
540 989 636 1053 quam
657 988 736 1054 quos
757 967 935 1033 reviserent
953 975 1110 1032 tonsores.
1153 967 1238 1032 Item

143 1066 227 1133 solos
254 1067 404 1153 apposuit
428 1065 531 1154 lippos
560 1076 592 1131 et
617 1089 674 1132 cur
700 1088 753 1130 eos
779 1089 845 1131 una
871 1088 944 1130 cum
971 1066 1153 1131 tonsoribus
1178 1065 1237 1132 adss

143 1166 283 1251 duxerit,
311 1175 378 1230 tota
402 1165 466 1231 loci
493 1167 649 1230 sententia
673 1166 823 1252 aperitur.
871 1165 1031 1231 Tonsores
1059 1166 1144 1230 enim
1170 1166 1238 1244 iam

143 1266 219 1331 olim
242 1273 332 1331 erant
351 1264 446 1350 tales,
473 1264 584 1352 quales
610 1263 769 1351 hodieque
791 1287 861 1329 esse
886 1264 997 1349 solent,
1024 1287 1139 1352 nempe
1161 1288 1237 1352 gar·

143 1366 220 1450 ruli3
242 1387 345 1453 neque
366 1354 471 1432 miuus
492 1364 642 1451 loquaces
662 1363 760 1450 vulgo
778 1363 858 1450 lippi
873 1373 973 1448 erant,
993 1373 1027 1428 ut
1040 1366 1111 1452 ipsa
1125 1387 1238 1430 eorum

145 1466 332 1553 compositio
355 1487 428 1530 eum
448 1464 630 1529 tonsoribus
651 1472 815 1528 monstrat.
847 1463 937 1550 Ergo
951 1465 1057 1551 lappas
1070 1463 1237 1551 Crispinus

144 1553 328 1651 est'loqaoa
348 1563 530 1650 Crispinus,
556 1585 652 1649 quem
677 1563 740 1628 sibi
760 1563 927 1646 Horatius,
954 1563 1029 1628 licet
1054 1565 1125 1651 ipse
1150 1573 1238 1630 esset

143 1663 260 1751 lippus,
281 1662 335 1728 hic
357 1686 459 1752 aeque
481 1663 629 1750 opposuit
650 1684 689 1727 ac
711 1661 778 1726 Sat.
800 1661 827 1746 Ι,
848 1662 878 1747 4,
901 1663 950 1728 14.
973 1685 1042 1749 sqq.
1112 1721 1114 1725 .

574 1817 715 1891 SM·
734 1817 807 1888 11.

142 1937 174 1989 V.
193 1938 232 1991 12.
250 1953 306 2006 sqq.
345 1935 466 1990 Fufidius
482 1954 586 2005 vappae
602 1938 699 1990 famam
714 1939 788 1988 timet
804 1951 837 1988 ae
852 1935 999 1988 nebulonis.

339 2021 436 2072 Dives
453 2023 552 2088 agris,
569 2022 661 2072 dives
678 2021 792 2087 positis
808 2021 840 2070 in
856 2019 966 2070 fenore
982 2018 1113 2069 nu'mmis

342 2104 441 2166 Quinas
458 2104 501 2154 hic
519 2105 598 2170 capiti
614 2103 746 2154 mercedes
763 2107 868 2152 exsecet
884 2130 917 2139 -

227 2183 350 2249 Versus
372 2186 421 2251 13.
446 2188 562 2251 iterum
580 2186 698 2273 legitur
711 2185 813 2272 Epist.
830 2184 875 2268 Π,
889 2184 919 2267 3,
933 2183 1015 2267 421,
1031 2185 1236 2270 quemadmo-

49 2302 54 2311 ·
143 2280 219 2346 dum
243 2283 420 2349 versiculus
441 2286 528 2350 lacco
549 2287 694 2372 stirpensi
715 2285 829 2350 loculos
856 2284 1048 2368 tabulamque
1068 2285 1182 2360 brcerto
1205 2293 1238 2351 et

144 2379 213 2447 Sat.
232 2381 259 2466 I,
274 2382 303 2467 6,
320 2383 369 2447 74.
392 2394 424 2461 et
443 2384 546 2471 Epist.
562 2385 589 2468 I,
606 2386 633 2470 1,
648 2384 698 2449 56.
720 2383 891 2448 invenitur.
935 2381 1020 2447 Sane
1042 2383 1237 2450 defensionis

144 2502 242 2546 causa
259 2503 371 2547 versus
391 2483 441 2548 27.
473 2485 620 2549 Pastsllos
633 2483 766 2570 Rufillam
780 2483 847 2566 οἱα,
869 2481 1046 2570 Gorqoaiaas
1058 2483 1178 2548 bricam
1193 2485 1236 2550 ab

142 2579 278 2646 Horatio
296 2581 368 2647 Sat.
383 2582 410 2667 I,
431 2582 462 2668 4,
484 2583 534 2647 92.
556 2584 686 2648 iteratus
708 2590 764 2666 cst,
786 2581 843 2647 sed
863 2581 991 2646 illarum
1011 2584 1237 2668 repetitionum

132 2683 208 2744 'non
238 2679 347 2747 dubito
380 2683 455 2768 quin
487 2681 688 2768 grammatici
713 2681 849 2746 Romani
875 2690 1021 2746 auctores
1047 2683 1236 2750 exstiterint.

125 4232 137 4268 t

142 2779 281 2846 Videtur
293 2802 406 2846 versus
419 2779 468 2845 14.
483 2781 591 2847 verbis
607 2780 693 2845 dices
706 2783 802 2868 apris,
825 2781 910 2846 dobes
916 2783 1035 2868 positis
1054 2782 1088 2846 ia
1100 2784 1242 2869 foenore

140 2881 275 2944 amis
301 2879 472 2944 illustratus
499 2902 580 2946 esse.
628 2879 762 2944 Frustra
782 2880 926 2966 quidem,
953 2902 1091 2967 namque
1112 2904 1238 2969 pauper

143 2979 272 3044 omnino
294 2979 393 3066 capiti
423 2977 502 3044 nihil
534 3000 689 3044 exsecare
721 2988 840 3066 potest,
872 2979 1097 3066 quianullum
1127 2981 1237 3069 habet,

143 3100 244 3165 quare
258 3078 425 3148 Fufidium
443 3079 573 3144 divitem
594 3078 693 3144 fuisse
709 3080 870 3144 neminem
891 3087 1013 3166 poterat
1033 3079 1142 3145 latere.
1177 3081 1236 3147 At-

142 3185 250 3242 tamen
271 3177 477 3243 Hcindorfius
490 3201 522 3244 v.
540 3178 589 3243 13.
611 3179 787 3265 significari
806 3178 907 3244 voluit
926 3181 1067 3264 quernas
1088 3179 1174 3246 debes
1194 3184 1238 3248 sit

86 3346 88 3350 Α
144 3278 233 3365 apt-sb
264 3285 341 3362 etc„
365 3275 454 3341 'zhuic
485 3286 591 3343 autem
622 3279 744 3366 protasi
774 3277 924 3364 apodosis
958 3299 1022 3342 non
1053 3280 1237 3367 respondet,

143 3377 262 3463 quippe
284 3398 365 3463 quae
383 3384 491 3464 aptum
513 3379 760 3464 contrapositum
780 3376 1034 3463 non'contineat,
1055 3380 1117 3443 nisi
1138 3403 1160 3445 a
1178 3403 1236 3445 no-

145 3473 262 3540 bismet
286 3475 365 3563 ipsis
391 3477 555 3541 inferatur.
596 3476 709 3562 Neque
735 3477 871 3563 protasis
903 3476 987 3542 bene
1013 3476 1124 3563 habet,
1156 3500 1236 3566 quo-

142 3575 240 3658 niam,
248 3575 381 3641 utmodo
393 3576 582 3659 monuimus,
592 3577 727 3662 pauperi
738 3577 866 3640 omnino
879 3577 978 3663 capiti
988 3576 1069 3642 nihil
1080 3601 1235 3646 exsecare

142 3673 228 3739 licet.
276 3673 347 3740 Nec
383 3676 488 3762 magis
527 3698 557 3740 v.
590 3675 639 3739 13.
673 3698 745 3739 cum
771 3698 803 3740 v.
831 3676 879 3739 12.
913 3679 1091 3743 consociari
1122 3689 1236 3766 potest,

144 3782 341 3861 quapropter
361 3773 468 3861 plures
482 3799 536 3840 vv.
552 3774 606 3840 dd.
622 3773 710 3839 illum
731 3783 818 3839 recte
840 3787 1072 3864 expunxerunt.
1110 3778 1238 3849 Similia

145 3873 339 3940 emblemata
359 3883 486 3940 exstant
506 3874 573 3940 Sat.
594 3873 638 3959 Π,
662 3874 690 3958 1,
711 3875 762 3939 22.
784 3881 815 3938 et
835 3874 879 3960 H,
899 3876 929 3961 3,
953 3877 1022 3943 163.

143 3986 174 4038 V.
192 3987 232 4039 28.
249 4002 305 4054 sqq.
540 3988 614 4052 Sunt,
632 3989 677 4053 qui
693 3987 777 4038 nolint
792 3988 909 4056 tetigisse
925 3991 977 4041 nisi
992 3991 1059 4055 illas,

342 4071 460 4131 Quarum
476 4070 608 4122 subsuta
624 4071 692 4121 talos
708 4075 781 4137 tegat
796 4072 885 4123 instita
901 4078 981 4137 veste,

309 4182 317 4221 3
342 4152 440 4205 Contra
456 4153 524 4206 alius
540 4153 640 4204 nullam
655 4154 706 4204 nisi
723 4154 809 4205 olente
824 4155 852 4205 in
867 4155 967 4208 fornice
983 4161 1101 4210 stantem.
