2678 4642
392 234 427 282 m
449 231 639 307 ssmnsnun
659 231 788 280 nmnun
808 230 941 296 anun
1168 212 1211 280 45

120 407 252 466 mutem.
304 397 434 464 Etenim
465 407 559 486 pater
590 397 706 464 ardens
736 418 800 462 non
826 396 928 461 fertur
954 394 1097 479 saevire,
1125 395 1216 485 quod·

121 499 207 565 filius
238 499 414 563 meretricis
447 521 589 563 amorem
623 497 773 584 legitimis
799 497 918 582 nuptiis
944 495 1120 582 praeferat,
1152 496 1212 561 sed

122 599 210 685 quod
230 597 385 686 prodigus
399 619 534 662 uxorem
549 595 665 684 grandi
681 619 753 660 cum
768 593 840 659 dote
855 594 1017 658 meretrici
1030 603 1209 681 postponat.

121 697 294 763 Reeusatio
320 718 403 770 vero,
419 697 528 761 uxoris
551 694 669 782 grandi
690 717 763 784 cum
784 692 857 758 dote
879 701 910 758 et
928 715 1019 758 amor
1032 694 1210 758 meretricis

122 820 197 863 cum
222 796 408 885 profusione
433 795 590 862 bonorum
617 795 686 859 sine
714 792 811 858 dubio
843 793 963 879 optima
988 800 1061 858 sunt
1086 803 1210 865 contra·

121 897 239 985 posita,
261 918 360 985 quare
382 918 476 981 nqnos
498 892 704 959 exterminari
724 892 843 979 nequit.

121 1013 154 1067 V.
172 1013 213 1066 69.
231 1028 270 1080 sq.
320 1012 357 1062 Ut
373 1012 409 1062 sis
426 1015 456 1061 tu
472 1010 563 1060 similis
580 1006 656 1061 Caeli
672 1009 791 1074 Birrique
807 1007 949 1072 latronum,

162 1102 165 1107 ’
320 1095 381 1145 Non
398 1109 448 1161 ego
465 1093 522 1144 sim
539 1093 620 1157 Capri
635 1106 721 1158 neque
737 1090 822 1142 Sulci:
839 1105 885 1141 our
900 1095 1001 1142 metuas
1018 1092 1076 1142 me?

204 1193 307 1259 Pauci
326 1191 423 1258 MSS.
450 1217 531 1275 eom,
565 1190 653 1277 quod
682 1200 811 1277 praeter
842 1188 921 1255 alios
950 1190 1089 1255 Orellius
1114 1193 1209 1258 unice
1299 1184 1301 1186 ’

123 1301 247 1359 rectum
267 1290 441 1375 iudicabat,
463 1312 560 1377 quum
580 1298 675 1376 poeta
695 1312 730 1354 se
750 1288 847 1354 talem
867 1311 932 1354 non
953 1290 1024 1355 e'sse
1043 1313 1102 1378 pro
1124 1298 1211 1357 certo

123 1393 232 1479 utique
253 1392 360 1457 sciret.
400 1390 522 1456 Verum
543 1390 577 1455 in
597 1389 694 1454 rebus
716 1392 814 1454 etiam
835 1390 1019 1455 certissimis
1040 1390 1211 1457 urbaniore

124 1492 267 1578 quadam
297 1491 423 1555 ratione
455 1491 677 1555 coniunctivus
710 1489 896 1575 saepissime
922 1500 1100 1576 usurpatur.
1144 1490 1211 1557 cfr.

124 1615 155 1656 v.
172 1591 223 1656 ll.
255 1591 354 1656 Nulla
374 1590 504 1654 taberna
523 1612 606 1653 meos
630 1589 741 1653 hebeat
767 1611 863 1675 neque
886 1589 956 1674 pilo
980 1590 1106 1655 libellos.
1143 1590 1211 1658 Sal.

123 1689 150 1775 Ι,
164 1691 194 1774 6,
209 1690 261 1755 52.
274 1711 324 1774 sq.
336 1690 468 1776 felicem
489 1688 592 1752 dicere
609 1711 672 1752 nort
684 1689 742 1753 boc
755 1711 801 1752 me
814 1688 947 1774 possein.
970 1688 1013 1772 Π,
1031 1690 1058 1773 1,
1076 1691 1124 1757 13.
1140 1712 1210 1777 sqq.
1327 1764 1328 1767 Ἴ

124 1813 219 1875 oeque
240 1791 321 1854 enim
341 1789 444 1874 gerbis
463 1788 622 1852 horrentia
628 1788 711 1872 pito
725 1788 851 1874 aprutino
863 1788 1040 1875 neesracta
1050 1803 1213 1876 pereuntes

125 1888 253 1976 cuspide
276 1887 399 1971 Gallos,
421 1900 476 1952 out
495 1887 628 1951 labentis
649 1910 724 1972 equo
746 1886 902 1951 deserebat
922 1887 1049 1953 vulnera
1068 1889 1190 1956 Parthi.

125 2004 155 2058 V.
170 2006 213 2058 86.
231 2020 270 2071 sq.
324 2003 409 2069 Saepe
425 2004 507 2054 tribus
524 2003 598 2053 lectis
615 2003 706 2052 videas
724 2017 834 2053 coenare
852 2008 1000 2068 quaternos,

320 2087 344 2137 E
363 2088 457 2153 quibus
475 2101 554 2135 unus
572 2089 646 2135 ovet
663 2086 755 2151 quavis
772 2086 929 2152 adspergere
946 2091 1054 2144 cunctos
1070 2117 1170 2141 ..-.,..

206 2184 374 2272 Scriptura
393 2187 474 2250 ebrus
494 2206 552 2270 pro
579 2208 660 2248 onus
685 2206 728 2247 ex
755 2206 844 2249 mero
870 2186 989 2250 exstitit
1011 2185 1213 2255 librariorum

110 2283 226 2372 lapsu.
260 2284 325 2367 Qui
346 2286 432 2349 enim
451 2285 532 2349 ebrus
553 2282 596 2348 ad
616 2295 740 2348 cunctos
761 2283 905 2368 quadret,
926 2307 984 2372 pro
1002 2308 1065 2372 quo
1080 2310 1214 2353 eremmon

127 2385 364 2472 exspectabas?
390 2385 470 2466 Quis
485 2386 616 2469 insuper
631 2392 679 2447 est
692 2383 755 2446 iste
766 2384 859 2466 imus,
874 2384 1133 2471 quandoquidem
1148 2409 1213 2451 om·

128 2505 183 2549 nes
211 2485 271 2549 imi
297 2483 372 2548 lecti
397 2483 555 2549 convivae
584 2491 675 2546 erant
701 2482 779 2547 imi?
822 2482 892 2548 Fea
915 2494 1044 2549 auctore
1065 2488 1146 2552 obrem
1167 2495 1215 2552 est

128 2585 262 2650 omnium
281 2585 407 2672 rbflmos
427 2596 456 2648 et
469 2583 615 2646 abiectus.
648 2580 715 2645 Sed
729 2604 825 2667 quem
840 2584 962 2648 confert
975 2583 1081 2649 locum
1096 2585 1213 2673 (Epist.

126 2681 180 2769 Π,
193 2684 230 2768 3,
251 2683 334 2766 32),
361 2683 390 2747 is
410 2704 513 2768 aeque
534 2704 574 2746 ae
595 2691 703 2745 noster
724 2692 887 2769 corruptus
910 2693 966 2768 est,
987 2692 1021 2749 ut
1041 2684 1081 2749 de
1104 2707 1142 2750 eo
1162 2708 1212 2762 re·
1240 2721 1247 2731 ι

127 2784 258 2866 tineam,
284 2781 424 2846 numeris
451 2782 550 2846 tribus
572 2790 603 2845 et
623 2795 788 2868 quaternae
808 2784 1002 2870 antegressis
1023 2783 1215 2863 vocabulum

126 2883 204 2948 inus
230 2883 288 2948 vix
314 2881 377 2946 alio
405 2877 500 2966 quam
525 2881 567 2945 ad
592 2902 758 2946 numerum
785 2884 933 2948 revocari
953 2905 1058 2969 posse.
1099 2880 1214 2970 Neque
1265 2931 1283 2946 ..
1313 2897 1315 2901 ’

110 2977 223 3068 pluris
245 2980 393 3067 equidem
414 2981 531 3045 faciam
551 2980 800 3066 praeclarissimi
821 2981 881 3047 Cd.
902 2981 1065 3047 Blandinii
1080 2984 1213 3072 scriptu-

127 3102 195 3146 tam
220 3094 302 3146 amet
324 3103 382 3169 pro
404 3093 482 3144 acet.
525 3079 578 3144 Ad
598 3082 708 3166 quavis
730 3082 815 3145 eninr
835 3080 939 3167 aptius
961 3090 1009 3146 est
1029 3095 1098 3148 ovet
1118 3105 1215 3170 quam

128 3194 221 3263 umet,
249 3203 353 3267 neque
376 3179 417 3244 de
439 3180 683 3262 consuetudine,
704 3179 763 3244 sed
784 3179 825 3245 de
846 3180 949 3247 studio
971 3203 1075 3248 sermo
1099 3190 1159 3267 est,
1181 3191 1216 3256 ut

130 3277 195 3345 Sat
218 3279 264 3364 Π,
287 3283 314 3364 1,
336 3279 387 3344 24.
410 3301 479 3364 sqq.
514 3279 614 3364 Atqui
634 3278 697 3362 ille,
719 3281 829 3366 inquit,
851 3281 906 3366 qui
921 3290 996 3362 avet
1009 3281 1214 3370 adspergere,

127 3378 267 3445 nondum
292 3401 406 3466 reapse
433 3378 614 3465 adspergit,
639 3379 727 3465 quod
753 3379 907 3445 hocloco
928 3384 1107 3467 requiritur.
1149 3382 1214 3448 Ve-

112 3487 304 3543 rumtamen
328 3480 384 3564 qui
409 3481 519 3566 quovis
546 3478 741 3564 adspergere
769 3488 859 3563 avet,
885 3481 1030 3546 isetiam
1052 3482 1217 3571 adspergit

128 3585 242 3663 etqua
262 3586 366 3664 potest
386 3580 508 3642 ratione
529 3579 636 3665 pergit
656 3578 863 3665 adspergere.

127 3690 156 3745 V.
171 3695 214 3748 89.
319 3694 456 3746 Condita
472 3710 553 3759 quum
568 3709 648 3744 verax
664 3696 747 3759 aperit
762 3697 915 3760 praecordia
931 3697 1019 3749 Liber.

206 3791 339 3880 Aliquot
359 3793 420 3858 Lb.
442 3792 538 3858 MSS.
562 3793 712 3877 candidu,
739 3793 825 3880 quod
844 3794 974 3881 vulgato
996 3797 1122 3862 condita
1141 3796 1215 3862 Rei·

128 3890 230 3979 eigins
252 3892 296 3957 ad
318 3891 416 3980 Soph.
440 3890 480 3957 Ο.
504 3892 540 3957 0.
565 3893 655 3957 1227.
677 3916 708 3980 p.
731 3894 802 3959 350.
825 3897 976 3981 anteponi
996 3895 1104 3960 voluit.
1141 3896 1215 3983 Ipse

127 4012 203 4057 saue
216 3990 319 4057 Liber
334 3992 441 4059 Oarm.
456 3992 483 4076 Ι,
500 3991 548 4074 18,
565 3993 613 4056 11.
633 3992 788 4059 candidus
808 4001 1006 4081 nuncupatur
1027 4004 1058 4059 et
1079 3996 1217 4062 candidu

121 4091 315 4178 praecordia
335 4094 459 4178 operire
481 4093 624 4178 apposite
646 4093 761 4156 dicitur
783 4092 828 4177 (v.
852 4093 908 4159 ad.
928 4093 994 4160 Sat.
1016 4094 1067 4179 Π,
1088 4096 1118 4179 2,
1139 4095 1217 4183 bb),

130 4210 193 4256 nee
213 4190 340 4257 conditu
356 4192 548 4279 praecordia
567 4192 769 4279 interpretari
788 4192 865 4259 lieet
884 4195 1056 4262 ceodria'in
1068 4218 1218 4283 praecor·
