2678 4642
232 235 292 297 114
660 247 894 297 conmortuus

232 440 273 481 oe.
309 413 374 480 Sat.
397 415 424 499 I,
446 412 476 497 5,
498 414 549 477 20.
573 436 620 500 sq.
642 414 690 478 aa
708 439 801 499 qoam
823 413 993 500 procedere
1017 414 1141 478 lintrem
1166 414 1325 478 secamus.

233 515 277 599 H,
293 516 321 598 6,
339 516 408 579 101.
425 535 472 599 sq.
490 538 583 599 quara
593 514 684 598 ponit
704 527 831 600 aterque
851 514 887 579 ire
907 513 1053 600 locuplete
1075 512 1166 578 domo
1180 515 1324 600 oestipr'a.

232 648 264 698 V.
282 648 323 698 87.
341 662 397 712 sqq.
857 645 932 697 Sive
950 660 1009 711 ego
1027 659 1127 711 prave

433 728 496 778 Seu
511 732 600 778 recte
616 727 796 792 hoc-volni,
813 743 851 779 ne
868 730 913 779 sis
930 733 1066 794 patruus
1082 727 1168 780 mihi.
1202 727 1297 792 Credo,

433 812 503 862 Hoc
520 811 624 862 Staberi
639 811 792 875 prudentem
809 812 923 862 animum
939 811 1072 861 vidisse.
1105 879 1107 883 Ι

319 942 471 1008 Clausala
502 944 682 1007 testamenti
718 942 858 1007 Staberii
889 942 986 1029 vulgo
1021 943 1071 1007 sic
1109 941 1329 1027 distinguitur:

234 1044 299 1108 so'oe
321 1065 375 1129 epo
389 1066 493 1127 proce
514 1065 568 1106 sea
588 1056 678 1124 recte,
701 1043 757 1106 boo
771 1043 873 1107 colai:
892 1066 930 1106 ae
944 1045 990 1107 sis
1002 1055 1142 1128 patruus
1155 1042 1241 1124 mabr‘,
1256 1043 1279 1106 i.
1297 1064 1328 1108 e.

236 1144 300 1206 sebe
317 1165 421 1227 provo
442 1164 496 1206 sea
516 1153 602 1205 recta
623 1155 676 1223 est,
698 1143 773 1206 baec
793 1166 862 1206 orec
881 1142 1040 1206 voluntas:
1071 1165 1109 1205 ae
1130 1143 1267 1206 severius
1289 1141 1330 1206 de

235 1266 282 1305 me
307 1241 426 1305 indica.
471 1239 543 1320 Quo
565 1241 599 1304 in
621 1240 837 1305 additamento
859 1239 1005 1307 voluntas
1034 1239 1174 1306 Staberii
1199 1262 1251 1304 res
1280 1248 1330 1305 est

237 1342 398 1428 superior,
419 1339 552 1404 inferior
574 1348 606 1403 et
627 1339 860 1426 appendiculae
881 1341 981 1404 instar
1009 1339 1194 1427 deprecatio
1215 1339 1330 1405 iudicii

239 1440 278 1504 de
301 1439 356 1505 illa
375 1438 537 1504 voluntate
560 1441 741 1504 severioris.
773 1441 1002 1505 Verumtamen
1022 1438 1162 1503 Staberii
1177 1461 1242 1503 non
1262 1449 1330 1504 tam

238 1541 392 1620 interesse
418 1547 544 1626 poterat
569 1539 763 1603 voluntatem
791 1561 881 1603 suam
908 1538 1013 1603 denuo
1040 1539 1205 1602 testificari
1231 1560 1330 1624 quam

239 1632 407 1704 censuram
430 1639 498 1702 eins
521 1639 717 1719 severiorem
739 1638 922 1726 deprecari3
943 1660 1048 1724 neque
1070 1662 1125 1726 epo
1146 1639 1180 1702 in
1195 1637 1331 1724 vulgata

239 1737 402 1803 clausulae
435 1739 638 1802 distinetione
669 1736 782 1822 habet,
815 1760 877 1824 quo
906 1739 1081 1824 pertineat,
1113 1736 1172 1802 sed
1198 1759 1331 1824 prorsus

241 1837 393 1902 abundat.
420 1837 560 1903 Proinde
582 1837 663 1902 haec
681 1830 1033 1925 verborumacopulatio
1055 1836 1151 1923 longe
1172 1844 1330 1923 praestet:

240 1961 277 2003 ae
298 1941 344 2003 sis
361 1952 497 2024 patruae
517 1939 608 2020 mihi,
631 1938 695 2002 sive
708 1961 811 2023 proce
832 1960 885 2002 sea
905 1951 986 2001 reete
1008 1961 1062 2024 epo
1083 1937 1140 2002 boc
1160 1937 1252 2001 oolao'.

323 2038 364 2102 V.
388 2037 440 2100 89.
462 2036 669 2102 HeindOrfius
691 2039 748 2102 boc
763 2036 805 2100 ad
819 2035 1100 2124 reprehensionem
1116 2035 1157 2101 ab
1172 2035 1331 2123 prudente

241 2136 391 2213 Staberio
412 2137 575 2222 provisam
596 2145 740 2223 spectare
762 2134 873 2200 voluit.
917 2135 1036 2201 Contra
1056 2134 1229 2200 Horkelius
1245 2135 1331 2200 anal.

240 2235 319 2303 Hor.
342 2259 374 2322 p.
399 2236 469 2300 102.
492 2257 562 2321 sqq.
584 2246 657 2323 post
677 2236 793 2301 vidisse
815 2236 943 2321 signum
963 2235 1184 2322 interrogandi
1212 2236 1332 2323 apponi

241 2335 360 2418 maluit,
383 2343 416 2399 ut
435 2335 651 2422 Damasippus
674 2358 783 2399 seeum
805 2335 871 2400 solo
893 2334 1040 2421 loquatur
1059 2336 1193 2422 ipseque
1221 2357 1256 2399 se
1281 2336 1331 2399 in-

240 2442 397 2519 terrogat,
429 2457 506 2497 num
528 2434 682 2499 credibile
704 2437 757 2518 sit,
790 2457 923 2499 avarum
949 2434 1110 2499 hominem
1138 2457 1203 2498 una
1222 2442 1333 2498 tamen

241 2535 275 2598 in
296 2555 331 2597 re
352 2532 540 2619 prudentem
555 2533 664 2616 fuisse,
686 2534 881 2621 quodquam
895 2534 958 2599 sibi
971 2533 1167 2621 persuadere
1181 2542 1333 2620 nequeat,

241 2656 350 2697 rursus
372 2633 561 2718 interroget,
584 2632 660 2716 quid
682 2632 811 2697 tandem
831 2632 920 2697 illum
940 2635 1084 2700 moverit.
1117 2631 1229 2697 Facile
1251 2655 1332 2698 sane

241 2733 352 2797 verbis
374 2732 616 2816 insequentibus
637 2731 717 2816 qaid
735 2756 807 2820 erpo
829 2734 924 2796 sensit
945 2733 988 2797 ad
1010 2732 1206 2798 credendum
1220 2732 1333 2797 induci

146 2914 149 2922 ι
242 2854 424 2920 possumus,
446 2833 651 2917 negationem
672 2832 844 2919 quamdam
865 2855 1090 2919 praegressam
1112 2854 1198 2915 esse,
1224 2833 1270 2896 ita
1297 2841 1334 2896 ut

242 2942 314 3019 post
334 2933 392 2996 hoo
412 2942 564 3017 negatum
585 2932 662 3017 qaid
683 2931 866 2996 alternantis
888 2933 937 2996 sit.
980 2931 1131 2996 Attamen
1158 2931 1259 2997 verba
1285 2933 1333 2996 υί-

245 3033 327 3096 disse
349 3041 380 3096 et
401 3034 496 3096 sensit
516 3040 679 3118 tantopere
703 3032 868 3116 differunt,
890 3040 924 3096 ut
944 3031 1046 3097 altera
1072 3032 1215 3116 quaestio
1244 3031 1337 3117 (qaid

244 3155 316 3218 erpo
337 3132 462 3213 recorded)
485 3131 645 3195 inlocum
666 3130 794 3196 alterius
817 3131 937 3214 (credo,
965 3133 1022 3196 hoc
1049 3130 1177 3196 Stobera
1195 3131 1334 3217 pruden-

244 3243 303 3294 tem
323 3233 460 3294 animam
475 3230 626 3324 piasset)
649 3231 753 3295 suffici
780 3253 844 3295 non
870 3231 978 3317 possit.
1021 3230 1104 3295 Tum
1129 3230 1333 3318 Damasippo

245 3328 385 3393 Staberii
405 3328 607 3415 prudentiam
628 3332 809 3395 testamenti
838 3329 981 3395 clausula
1009 3329 1094 3394 clare
1124 3339 1335 3396 contestatam

243 3429 301 3495 vix
320 3428 386 3494 ulla
406 3429 528 3492 ratione
549 3430 583 3492 in
611 3429 741 3495 dubium
768 3453 886 3495 vocare
916 3430 1017 3512 licuit,
1044 3451 1106 3494 nec
1133 3430 1233 3495 habes
1257 3453 1333 3496 cau·

245 3550 324 3610 sam,
347 3551 404 3592 cur
424 3528 560 3593 verbum
582 3530 673 3594 oredo
695 3530 855 3613 sollicites,
878 3529 1049 3594 dummodo
1072 3530 1228 3595 ironicum
1247 3532 1335 3595 acci-

244 3628 324 3714 pias.
362 3627 512 3692 Ceterum
533 3628 649 3693 or'de‘sse
669 3629 722 3693 hic
742 3652 807 3694 non
827 3628 914 3694 valet
935 3653 1068 3711 carossa,
1091 3639 1125 3693 ut
1144 3629 1336 3696 Heindorfio

243 3725 380 3813 placuit,
402 3728 460 3791 sed
482 3729 613 3810 cavisse,
637 3729 723 3813 quod
747 3728 884 3816 legimus
906 3729 1012 3794 Oarm.
1033 3727 1095 3812 HI,
1117 3729 1147 3813 5,
1170 3730 1220 3796 13.
1263 3731 1337 3796 Hoc

244 3841 370 3892 caverat
390 3852 475 3892 meos
493 3828 631 3913 provida
651 3829 774 3917 Repeti.
1228 3826 1231 3830 “

243 3961 274 4012 V.
293 3963 348 4012 111.
365 3977 422 4028 sqq.
445 3961 474 4010 si
490 3962 548 4025 quis
565 3961 600 4011 ad
615 3961 747 4027 ingentem
763 3962 885 4011 frumenti
901 3977 1002 4028 semper
1019 3979 1141 4014 acervum

373 4098 384 4121 ⁹
442 4045 578 4093 Porrectus
595 4045 686 4110 vigilet
703 4060 762 4094 cum
777 4044 857 4111 longo
875 4045 952 4109 fuste,
969 4061 1054 4112 neque
1070 4046 1143 4096 illinc

441 4126 545 4177 Audeat
561 4127 678 4177 esuriens
695 4129 815 4178 dominns
833 4128 1023 4195 contingere
1040 4144 1184 4196 granum,

442 4209 481 4260 Ac
497 4211 584 4276 potius
601 4210 672 4261 foliis
689 4225 784 4277 parcus
800 4216 922 4271 vescatur
938 4213 1034 4263 amaris
1051 4248 1149 4259 ...-
