2678 4642
128 219 170 285 20
555 233 788 285 cosmcrauss

128 398 287 467 Academi
305 422 419 467 verum
440 421 596 488 quaerere
617 400 727 467 doctus
749 407 781 466 et
806 420 911 464 mores
940 396 1058 464 civium
1085 419 1216 463 suorum

129 500 335 567 vehementer
356 500 547 589 depravatos
568 501 824 567 animadvertens
838 500 873 564 in
887 499 936 583 iis,
959 521 1040 585 quas
1051 504 1216 580 tractaret,

129 601 227 667 rebus
256 598 413 687 eligendis
439 621 504 665 non
528 600 660 665 multum
685 599 811 665 videtur
836 597 994 683 haesisse,
1026 597 1216 684 praesertim

130 721 228 786 quum
247 699 317 786 ipse
338 699 439 786 probe
461 698 612 764 educatus
641 708 734 785 atque
756 699 911 784 integrior
932 705 1017 761 esset
1037 695 1122 761 etin
1143 694 1216 761 aliis

129 798 258 884 quidem
278 799 385 886 poesis
406 798 578 885 generibus
599 799 761 886 principes
789 800 854 863 iam
878 797 1049 884 reperiret,
1076 794 1216 859 necdum

128 899 266 962 veroin
293 899 401 962 satira.
450 897 616 962 Nonnullis
644 898 742 984 igitur
768 896 935 964 versiculis
962 894 1095 962 Graecis
1121 894 1216 960 factis

128 998 241 1061 satiras
263 996 405 1063 scribere
428 1005 460 1061 et
479 998 565 1062 vitiis
593 997 808 1063 Romanorum
834 995 1003 1084 carpendis
1031 995 1122 1081 quasi
1150 994 1215 1060 vir·

127 1096 201 1161 tutis
222 1118 321 1161 verae
343 1105 447 1161 custos
468 1096 654 1184 rigidusque
677 1095 802 1162 satelles
824 1118 929 1161 mores
951 1095 1094 1160 sinceros
1121 1115 1214 1158 revo-

128 1216 205 1260 care
226 1217 399 1281 aggressus
421 1203 479 1261 est.
521 1196 642 1261 Ridens
669 1204 776 1261 autem
801 1218 914 1262 verum
940 1195 1048 1259 dicere
1073 1182 1238 1276 instituit,⁸

128 1294 205 1380 quia
225 1294 393 1359 ridiculum
413 1317 547 1381 magnas
568 1318 620 1361 res
642 1296 711 1360 acri
730 1293 919 1382 plerumque
947 1294 1058 1360 fortius
1086 1291 1213 1357 melius-

128 1414 191 1480 que
214 1415 326 1459 secare
348 1394 514 1478 censebat3
541 1416 648 1480 neque
669 1393 793 1459 leviora
812 1394 998 1480 perstrinxit
1018 1394 1112 1476 vitia,
1140 1393 1215 1479 quia

127 1492 289 1557 neminem
310 1494 379 1558 sine
400 1494 487 1558 vitiis
508 1495 599 1560 nasci
621 1503 717 1581 atque
740 1494 892 1580 optimum
913 1493 1000 1557 illum
1016 1515 1086 1557 esse
1102 1492 1213 1556 crede-

129 1589 194 1674 bat,
217 1592 272 1678 qui
291 1593 429 1657 minimis
450 1600 649 1679 urgueretur.
693 1593 802 1674 Quare
829 1590 930 1657 semet
956 1594 1060 1679 ipsum
1087 1613 1213 1678 quoque

127 1690 214 1755 vitiis
235 1713 299 1757 non
319 1714 437 1758 vacare
458 1693 654 1779 frequentius
682 1691 820 1757 candide
847 1692 1010 1778 professus
1037 1700 1099 1775 est,
1127 1689 1215 1754 velut

127 1787 194 1855 Sat.
215 1789 242 1875 Ι,
262 1791 291 1875 3,
311 1792 362 1857 20.
390 1791 417 1877 Ι,
437 1792 468 1876 4,
490 1791 559 1856 130.
580 1812 629 1879 sq.
657 1792 684 1876 I,
704 1792 733 1876 6,
753 1791 803 1856 65.
824 1813 905 1878 sqq.=
921 1791 1024 1879 Epist.
1045 1791 1071 1876 I,
1091 1791 1141 1875 20,
1162 1791 1213 1855 25.

127 1887 233 1956 (larm.
248 1890 275 1974 Ι,
292 1891 341 1975 16,
355 1891 406 1956 22.
422 1913 492 1978 sqq.
595 1892 598 1898 ’

209 1987 276 2054 Sed
308 2012 370 2077 quo
402 1990 566 2056 efficacius
598 1998 739 2075 secaret,
777 2011 866 2055 more
900 1987 1038 2075 quodam
1070 1998 1104 2054 a*
1121 1996 1212 2077 patre

91 2153 97 2167 ‚
126 2097 259 2174 accepto
292 2089 441 2176 exempla
471 2089 663 2178 apponebat.
711 2077 846 2179 Minime
879 2110 957 2175 ergo
987 2088 1086 2153 animi
1113 2111 1214 2154 causa

125 2186 367 2274 petulanterque
389 2197 444 2254 aut
469 2212 572 2276 prava
597 2190 725 2254 omnino
751 2190 891 2272 ratione,
916 2186 1015 2253 veluti
1042 2187 1215 2274 calumnia,

126 2285 251 2352 invidia
271 2285 406 2375 aliisque
427 2289 560 2354 stimulis
582 2288 737 2354 similibus
753 2297 939 2370 commotus,
961 2286 1019 2351 sed
1038 2288 1122 2352 iusta
1142 2296 1212 2352 tan-

127 2386 289 2452 tummodo
308 2387 483 2453 vellicandi
498 2410 598 2454 causa
615 2392 801 2475 suppetente
817 2409 926 2452 ensem
941 2386 1120 2473 stringebat
1138 2389 1212 2451 sati-

126 2485 238 2570 ricum,
259 2508 364 2573 neque
385 2496 453 2553 tam
472 2488 570 2575 ipsas,
592 2510 671 2574 quas
693 2486 832 2571 notabat,
854 2509 1008 2573 personas
1023 2500 1121 2573 quam
1133 2487 1214 2551 vitia

127 2605 239 2649 aarum
267 2587 454 2673 castigabat.
498 2586 623 2669 Quibus
651 2587 692 2652 de
720 2586 826 2651 causis
855 2584 1003 2673 exempla
1028 2585 1213 2651 nominibus

126 2694 314 2770 argumento
336 2685 442 2774 lepide
464 2685 624 2773 adaptatis
647 2684 1049 2768 creberrimeadhibebat,
1078 2708 1140 2750 nec
1161 2707 1212 2749 so-

124 2781 191 2848 lum
215 2782 359 2850 homines
385 2784 491 2851 adhuc
516 2786 626 2868 vivos,
658 2807 770 2850 verum
796 2785 921 2873 pridem
949 2785 1045 2850 etiam
1070 2793 1213 2850 mortuos

124 2882 159 2948 in
180 2905 311 2950 scenam
335 2884 549 2972 producebat,
575 2883 611 2950 id
631 2883 718 2968 quod
742 2894 870 2972 praeter
896 2883 976 2949 alios
1004 2884 1211 2950 Heindorlius

126 2981 183 3065 (ad
204 2982 271 3049 Sat.
293 2985 319 3070 I,
344 2985 371 3069 1,
395 2976 492 3070 111.),
512 2993 640 3072 poetam
662 2986 758 3048 etiam
779 2983 936 3070 mythicas
956 3005 1109 3070 personas
1127 2983 1211 3068 (Sat.

125 3080 170 3166 H,
191 3082 222 3147 3.
243 3083 287 3169 Π,
315 3083 361 3168 5.)
389 3092 485 3171 atque
512 3083 595 3150 adeo
620 3092 722 3149 semet
746 3083 850 3170 ipsum
878 3081 959 3168 (Sat.
980 3082 1024 3164 ΙΙ,
1045 3083 1076 3147 3.
1098 3083 1142 3167 H,
1165 3083 1210 3167 7.)

124 3180 289 3248 induxisse
310 3205 438 3269 prorsus
460 3182 585 3267 oblitus,
605 3203 671 3248 non
690 3191 816 3270 poterat
842 3204 907 3247 non
928 3182 1090 3265 demirari,
1112 3204 1210 3268 quum

124 3280 312 3367 plerumque
335 3282 376 3347 de
395 3281 528 3348 Horatio
549 3284 648 3350 altore
662 3284 827 3371 cogitaret,
848 3304 942 3369 quam
955 3304 1089 3369 pravam
1108 3282 1210 3368 suspi-

125 3382 250 3446 cionem
275 3381 391 3468 ineptis
417 3383 615 3469 potissimum
648 3382 826 3448 scholiastis
858 3380 1023 3448 debemus.
1074 3381 1140 3448 cfr.
1167 3381 1211 3447 ad

124 3477 191 3546 Sat.
211 3479 238 3564 Ι,
261 3480 289 3565 7,
313 3486 341 3546 1.
451 3555 454 3562 ⁴
775 3491 780 3502 '

205 3578 318 3668 Itaque
343 3602 461 3646 nomen
489 3581 691 3647 Nommidios
720 3602 785 3645 non
815 3580 919 3645 minus
947 3579 989 3645 ab
1015 3580 1084 3666 ipso
1113 3588 1210 3666 poeta

123 3669 231 3744 fiotum
251 3689 398 3768 putamus
419 3701 517 3767 quam
529 3680 642 3766 Apella
657 3679 832 3764 (recutitus,
848 3678 1041 3763 Ohnebaut),
1055 3679 1209 3744 Balbinus

124 3775 267 3864 (balbus,
294 3777 493 3864 Stammler),
525 3778 661 3844 Canidia
689 3778 825 3864 (vetula,
853 3778 988 3863 Vettel),
1020 3777 1209 3864 Cupiennius

123 3876 238 3963 (salax,
259 3877 493 3965 Wolliistling),
523 3877 701 3966 Gorgonius
730 3877 896 3963 (hirsutus,
926 3877 1114 3961 Zottelbar),
1140 3878 1207 3942 No-

120 3976 259 4053 cidieous
285 3977 444 4062 (nasutus,
472 3975 665 4064 Spiimasc),
692 3979 815 4043 Nonius
847 3977 1014 4062 (novitius,
1042 3976 1227 4063 Neuling),'

114 4076 293 4143 'Malthinus
304 4075 430 4162 (mollis,
440 4074 651 4164 Weichling),
664 4077 832 4144 Pamillios
843 4076 936 4161 (nihil
948 4098 1013 4141 non
1027 4075 1206 4160 vellicans),

119 4175 309 4242 Pantolndua
330 4174 622 4262 (mendicissimus),
643 4175 772 4266 Sepone
791 4176 910 4266 (saga),
932 4175 1082 4243 Sectooos
1104 4176 1203 4260 (ama-
