2678 4642
149 202 209 269 118
576 219 811 270 conmcmum

224 384 363 451 Variam
383 384 555 451 lectionem
575 399 630 452 aut
650 410 763 452 aeacus
776 385 832 452 tali
845 385 941 451 modo
955 386 1055 452 tutari
1068 407 1135 451 non
1150 383 1244 472 licet,

146 491 181 549 ut
200 484 302 551 verba
323 488 458 572 spatiere
479 495 510 551 et
524 499 586 551 ates
600 486 663 551 sibi
676 488 785 551 iocose
802 487 948 572 opposita
964 486 1135 572 fingantur,
1160 487 1244 572 quia

148 582 281 671 Oppidii
301 607 405 650 sermo
426 585 547 650 nullum
568 587 668 672 spirat
688 586 809 670 iocum,
832 608 894 651 nec
915 609 1028 650 aeacus
1054 585 1141 671 apud
1167 585 1241 650 Ho-

146 685 261 749 ratium
282 684 483 771 trisyllabum
505 694 561 768 est,
582 699 677 771 quam
698 686 907 772 posteriorem
929 684 970 749 ob
986 707 1116 750 causam
1138 686 1244 750 etiam

148 797 203 849 uut
225 783 365 872 Oppidio
389 806 409 849 a
429 807 464 849 re
493 786 615 849 minore
637 784 680 849 ad
706 785 860 849 maiorem
887 784 1106 871 progredienti
1132 784 1244 849 vindi-

149 884 218 949 cari
238 885 356 971 nequit.
398 883 467 955 Sed
489 884 568 970 quid
588 884 771 969 significent
796 883 899 949 verba
925 885 1007 948 latus
1034 896 1069 948 at
1092 884 1128 948 ia
1154 885 1245 949 circo

147 985 295 1068 qratr'erc,
319 983 424 1049 adhuc
445 981 544 1048 latere
571 983 664 1049 nobis
691 983 828 1048 videtur.
871 983 1065 1070 Interpretes
1095 983 1244 1049 vocabu-

147 1081 213 1147 lum
236 1083 319 1148 lutus
339 1083 432 1148 varia
452 1082 561 1147 volunt
588 1083 748 1166 indicare,
771 1105 799 1147 c
823 1107 871 1169 gr.
890 1084 1039 1169 fastuose
1067 1096 1095 1147 at
1119 1084 1245 1171 mapm’-

140 1183 213 1269 fica,
237 1205 315 1247 cumr
313 1183 399 1247 latus
420 1182 459 1246 ab
481 1196 600 1248 assecta
602 1184 734 1265 toribus,
756 1183 816 1247 a'lra
837 1181 1042 1265 subaiaiass.
1070 1183 1245 1266 subnectis),

147 1295 284 1364 aramus,
307 1305 376 1347 eum
397 1294 470 1370 topa
491 1282 604 1368 ampla,
627 1306 738 1377 mopso
761 1305 830 1347 cum
851 1283 933 1346 comi
931 1295 1011 1364 tatu,
1034 1303 1116 1367 quae
1145 1303 1243 1367 egre-

149 1381 205 1467 gia
224 1382 364 1446 varietas
386 1381 451 1446 iam
473 1381 664 1447 documento
684 1390 740 1465 est,
762 1380 882 1445 nullam
896 1379 1141 1466 explicationem
1155 1382 1244 1446 iusto

148 1480 209 1545 niti
231 1480 446 1546 fundamento.
481 1480 567 1561 Quin
588 1490 682 1545 cunct
682 1482 719 1564 is,
742 1502 823 1566 quae
845 1479 969 1566 prolata
990 1489 1071 1563 sunt,
1049 1480 1242 1546 tumbula·

148 1581 225 1645 toris
253 1579 398 1667 epithetis
430 1582 457 1644 is
483 1579 579 1645 homo
610 1580 764 1667 prodigus
797 1580 926 1643 minime
959 1578 1153 1663 declaratur,
1185 1580 1244 1667 qui

152 1679 259 1749 cicere
280 1688 375 1767 atque
397 1680 475 1745 faba
496 1679 677 1766 lupinisque
698 1679 785 1745 bona
805 1703 864 1744 sua
884 1680 919 1743 in
938 1679 1090 1766 populum
1118 1679 1244 1764 effudit,
1309 1764 1311 1769 y

151 1801 248 1865 quum
269 1780 373 1865 quivis
396 1781 492 1844 etiam
513 1779 594 1844 alius
614 1779 778 1843 Romanus
799 1778 865 1844 lata
891 1778 1031 1864 quadam
1057 1780 1180 1843 ratione
1206 1780 1245 1844 in

151 1878 237 1943 circo
258 1879 408 1944 incedere
430 1890 548 1966 posset.
581 1879 680 1943 Porro
695 1879 871 1965 permirum
884 1878 1020 1961 videtur,
1044 1878 1245 1964 quodetiam

149 1976 213 2062 ille,
235 1979 290 2064 qui
311 1980 344 2043 in
365 1981 471 2044 cicere
493 1987 588 2064 atque
610 1979 687 2043 faba
701 1978 881 2065 lupinisquc
903 1977 990 2042 bona
1011 1999 1070 2042 sua
1090 1977 1243 2063 perdidit,

151 2075 317 2143 dumtaxat
336 2079 370 2142 in
392 2080 477 2143 circo
498 2077 562 2142 lata
583 2080 691 2164 specie
720 2081 872 2165 spatiatus
901 2078 942 2141 sit
968 2086 1063 2163 atque
1090 2077 1172 2143 adeo
1199 2077 1243 2143 ob

149 2175 233 2242 hanc
255 2177 357 2242 solum
378 2178 625 2243 ambulationem
645 2177 732 2243 bona
752 2200 811 2242 sua
840 2178 874 2241 in
900 2175 1052 2263 populum
1082 2176 1243 2242 effuderit.

153 2275 247 2357 Quod
270 2278 324 2362 qui
345 2279 576 2361 committebat,
598 2278 667 2341 sine
690 2276 786 2342 dubio
808 2277 963 2341 maiorem
986 2275 1159 2363 quamdam
1184 2297 1243 2363 po-

150 2373 219 2461 puli
239 2376 375 2461 gratiam
397 2377 571 2463 appetebat
593 2398 738 2463 eamque,
758 2378 793 2440 ni
813 2376 917 2459 fallor,
934 2374 1088 2440 Horatius
1101 2375 1243 2462 perinde

150 2474 261 2541 verbis
282 2475 364 2539 lutus
384 2489 418 2539 ut
437 2479 473 2540 ia
494 2477 577 2541 circo
599 2478 742 2562 spatiere,
764 2485 799 2540 ut
827 2475 1032 2562 sequentibus
1063 2499 1178 2540 aeacus
1208 2489 1246 2540 ut

152 2588 214 2640 stes
235 2573 374 2640 dilucide
397 2576 563 2662 expressit.
598 2575 757 2639 liimirum
778 2576 859 2640 brae
879 2598 944 2640 non
966 2584 1014 2639 est
1034 2575 1244 2658 adiectivum,

152 2674 212 2739 sed
232 2674 434 2761 participium
454 2673 547 2739 verbi
559 2676 637 2762 fero
659 2674 803 2760 dixitque
816 2673 999 2762 Oppidius:
1030 2687 1065 2738 ut
1085 2699 1106 2739 a
1121 2674 1243 2761 popolo

152 2787 307 2865 φερόμενος
325 2775 360 2840 ia
380 2776 463 2839 circo
485 2776 619 2862 ⁸quatiere
641 2788 669 2840 et
690 2798 802 2840 aeacus
814 2775 1020 2861 proponaris.
1056 2773 1098 2838 V.
1114 2772 1157 2838 ad
1172 2772 1243 2839 Sat.

152 2873 180 2958 1,
202 2875 231 2959 e,
254 2874 303 2939 18.

153 3057 184 3107 V.
204 3057 259 3111 188.
277 3072 333 3123 sqq.
354 3057 410 3106 Rex
426 3071 491 3106 sum.
525 3055 568 3106 Nil
584 3055 653 3106 ultra
671 3071 792 3122 quaero
809 3056 936 3121 plebeius.
969 3055 1005 3105 Et
1021 3069 1132 3120 aequam

351 3139 416 3189 Rem
432 3140 549 3205 imperito
568 3154 606 3189 ac
623 3139 646 3189 si
663 3140 706 3188 cui
721 3139 813 3190 videor
829 3154 882 3189 non
897 3139 991 3202 iustus,
1007 3137 1091 3188 inulto

352 3222 446 3272 Dicere
463 3222 534 3288 quod
551 3223 628 3272 sentit
644 3223 772 3288 permitto.

167 3397 168 3402 ¹
237 3366 349 3433 Habes
370 3370 495 3455 regium
515 3368 768 3455 Agamemnonis
799 3391 996 3456 responsum,
1017 3367 1192 3455 potentiam
1214 3376 1249 3431 et

156 3467 307 3533 iustitiam
328 3479 426 3555 atque
448 3468 650 3534 clementiam
672 3491 761 3533 suam
782 3468 940 3533 laudantis
966 3490 1070 3554 neque
1084 3465 1250 3554 plebeium

158 3566 428 3655 interloquentem
456 3568 624 3633 audientis.
666 3567 752 3632 Male
782 3590 858 3654 ergo
885 3569 919 3632 in
944 3566 1063 3654 aliquot
1088 3565 1249 3646 membra-

122 3750 123 3753 ,
157 3667 208 3733 nis
230 3680 264 3732 at
283 3689 342 3754 pro
365 3692 403 3732 ac
425 3677 456 3732 et
475 3669 567 3755 peius
589 3667 684 3732 etiam
706 3692 818 3754 qaaere
838 3689 896 3754 pro
918 3690 1033 3753 quaero
1052 3667 1086 3731 in
1099 3667 1249 3731 vebistis-

156 3767 236 3832 simo
265 3765 324 3831 Cd.
353 3766 523 3832 Blandinio
553 3790 573 3832 a
598 3769 702 3854 prima
728 3768 999 3853 manuscriptum
1030 3762 1087 3850 est,
1107 3787 1250 3851 namque

156 3867 325 3932 interdicto
357 3868 405 3932 nil
433 3869 516 3933 altra
547 3891 659 3952 quaere
686 3868 825 3954 plebeius
857 3889 954 3953 quum
988 3867 1060 3953 ipsa
1090 3866 1251 3930 sermonis

159 3968 363 4050 continuatio,
384 3975 450 4032 tum
470 3967 596 4055 plebeio
619 3967 735 4032 diserte
766 3989 920 4031 concessa
944 3965 1047 4031 libera
1072 3965 1172 4031 oratio
1202 3964 1251 4048 (v.

159 4067 338 4152 190.193.)
369 4066 466 4155 plane
494 4075 663 4154 repugnat.
706 4065 856 4131 (letarum
884 4067 917 4131 si
940 4068 993 4131 cui
1017 4067 1039 4132 i.
1068 4090 1098 4153 q.
1125 4066 1158 4129 ai
1182 4066 1252 4150 tz‘br',

157 4175 192 4232 ut
212 4188 245 4232 v.
268 4166 341 4232 219.
364 4188 411 4252 sq.
451 4167 544 4251 datu,
566 4169 599 4233 si
615 4168 686 4254 quis
697 4180 824 4255 paetum
836 4189 904 4254 pro
918 4179 1004 4232 muta
1018 4165 1142 4232 devovet
1156 4188 1252 4251 apua,
