2678 4642
147 177 207 242 104
591 197 825 247 cormorsnnn

144 373 241 426 morte
261 374 290 427 tc
310 362 442 450 afficiat,
464 387 542 450 quae
554 364 687 453 fripida
708 377 761 430 est.
794 362 876 429 Aliis
896 362 1067 430 Trebatius
1087 361 1240 429 timuisse

144 460 281 545 videtur,
300 483 342 526 no
355 461 508 534 Horatius
525 465 630 551 gratia
648 465 805 529 maiorum
826 464 1001 529 amicorum
1014 462 1142 552 perdita
1159 485 1242 528 mox

143 561 415 648 pessumdaretur,
437 586 629 650 quamquam
648 587 711 629 uec
732 565 856 651 gratiae
885 585 946 628 uec
970 563 1127 627 maiorum
1155 563 1240 627 ami-

147 682 257 726 corum
287 661 352 726 ulla
382 663 500 728 mentio
525 664 692 750 reperitur.
740 662 886 728 Aliorum
916 662 1034 727 iudicio
1062 660 1240 727 Trebatius

146 761 268 825 veritus
291 771 347 846 est,
368 784 409 827 ne
430 772 526 849 poeta
548 763 734 827 omnesirrr
724 762 832 828 ‘tando
854 771 899 827 tot
917 771 1082 848 tantasque
1105 769 1242 848 caperet

145 859 386 945 molestias,ut
373 871 471 926 ttam
498 863 657 949 ingratam
684 863 783 927 vitam
811 864 880 978 ipse
902 860 1111 933 detestaturus
1138 869 1239 926 esset.

144 958 197 1023 At¹
209 954 299 1029 vitae
317 962 464 1048 ingratae
487 962 728 1027 detestationem
748 985 807 1049 pro
834 963 904 1048 ipso
926 962 1053 1026 interitu
1073 960 1242 1026 nonlicet

146 1059 303 1143 sufficere,
325 1082 387 1125 nec
409 1082 449 1125 ea
471 1060 640 1126 detestatio
664 1084 735 1126 cum
756 1062 878 1147 frigore
901 1060 997 1125 amici
1017 1058 1151 1126 alicuius
1166 1082 1238 1125 ma·

145 1157 222 1222 ioris
252 1159 337 1224 bene
357 1159 534 1225 'conciliari
566 1170 679 1248 potest.
722 1161 851 1226 Etenim
878 1159 986 1225 verbis
1018 1162 1171 1226 maiorum
1199 1185 1240 1226 ue

148 1258 219 1344 quis
239 1260 359 1324 amicus
372 1262 503 1348 fripore
524 1275 552 1326 te
564 1262 672 1347 feriet
692 1261 818 1326 nonnisi
838 1260 1050 1347 praemissum
1071 1273 1105 1325 ut
1125 1261 1171 1324 sis
1192 1262 1239 1325 vi-

146 1358 220 1422 tulis
242 1358 377 1446 amplius
399 1360 580 1425 illustratur.
624 1361 705 1425 Toto
727 1366 831 1425 autem
855 1359 918 1425 hoc
940 1381 1084 1430 sermone
1106 1381 1171 1425 non
1195 1359 1238 1425 de

145 1456 274 1524 Horatii
294 1481 448 1546 persona,
476 1459 534 1525 sed
562 1459 602 1525 de
624 1461 750 1525 satirico
767 1468 891 1524 tantum
913 1468 1011 1546 poeta
1031 1459 1238 1547 disceptatur.

148 1556 352 1645 Quapropter
365 1559 537 1625 Trebatius
557 1560 735 1643 instantem,
758 1582 854 1646 quam
877 1559 995 1643 metuit,
1014 1568 1149 1623 mortem
1169 1581 1240 1624 nou

147 1656 249 1743 ipsius
271 1658 409 1743 Horatii,
431 1660 489 1725 sed
510 1660 630 1726 satirici
651 1660 753 1724 solum
774 1658 936 1746 scriptoris
958 1658 1046 1742 dixit,
1067 1657 1149 1723 haec
1169 1681 1238 1723 om·

146 1757 222 1820 nino
250 1780 422 1845 reponens:
456 1761 576 1843 dubito,
597 1783 696 1846 puer,
730 1772 758 1823 te
791 1759 976 1824 acerrimum
1002 1771 1088 1823 tuum
1118 1760 1241 1823 satiras

144 1858 310 1946 paupeudi
327 1860 465 1926 studium
493 1860 548 1925 diu
567 1872 829 1945 persequutorum
855 1881 935 1940 esse,
954 1858 1084 1945 sriqore
1112 1856 1240 1944 quidem

147 1959 245 2022 amici
262 1959 395 2025 elisurus
413 1961 546 2026 maioris
572 1959 612 2024 de
635 1960 797 2045 proposito
825 1957 993 2043 depulsum.
1036 1956 1110 2021 Huc
1138 1957 1240 2042 igitur

147 2065 214 2121 tota
234 2057 297 2122 ista
318 2080 418 2124 causa
440 2057 584 2146 capitalis
613 2058 705 2123 redit.
747 2056 807 2122 Ille
826 2062 913 2122 'vcro
938 2057 1092 2121 maiorum
1119 2057 1241 2120 amicus

147 2177 168 2220 a
189 2156 341 2223 Trebatio
362 2158 521 2224 indicatus
542 2157 635 2223 nobis
649 2157 774 2225 videtur
790 2155 912 2222 Caesar
928 2155 1038 2234 fuisse,
1059 2178 1143 2243 quae
1166 2156 1237 2242 opi-

146 2257 200 2320 nio
223 2259 379 2323 contrario
402 2257 521 2323 iudicio
551 2258 591 2323 de
613 2257 754 2323 Caesare
781 2256 822 2323 ab
850 2256 985 2321 Horatio
1014 2279 1046 2322 v.
1068 2255 1119 2321 84
1147 2255 1236 2321 facto

145 2376 211 2420 non
232 2358 399 2422 minimum
420 2357 655 2423 corroboratur.

146 2464 236 2517 v..79
451 2464 728 2531 Eqmdemmhrlhrc
745 2463 897 2514 diffidere
914 2478 1028 2530 possum.
1101 2467 1103 2471 '

228 2555 283 2620 Ad
308 2554 411 2621 verba
434 2555 564 2620 Horatii
590 2555 747 2643 quidquid
776 2579 845 2620 saera
873 2579 943 2644 epo,
976 2555 1116 2641 quemvis
1148 2554 1242 2642 uafre

148 2657 257 2720 Duciti
281 2679 404 2720 censura
431 2657 658 2744 supeuiumque,
680 2668 782 2720 temen
807 2678 855 2719 ιιι
881 2679 950 2720 curn
974 2655 1096 2741 maguis
1122 2655 1242 2720 mmassse

145 2757 245 2821 abesto
266 2757 426 2842 fatebitur
452 2779 548 2842 usque
583 2755 705 2820 iuvidsa
734 2767 762 2819 et
784 2755 909 2842 fraqast
936 2777 1086 2841 qrroereus
1116 2753 1241 2819 2⁸⁶1tzdere

149 2855 267 2920 derrtern
289 2855 422 2942 offendet
442 2880 476 2921 so
477 2855 556 2938 i'zdo,
577 2857 641 2920 us’sc
637 2854 741 2940 'quid
760 2868 801 2938 tu,
824 2854 911 2919 docte
933 2855 1068 2936 Trebati,
1093 2852 1242 2919 dissentis

148 2953 337 3022 Trebatium
362 2956 611 3044 respondentem
638 2977 773 3021 necesse
801 2962 869 3019 erat
895 2962 949 3018 aut
980 2952 1159 3018 consentire
1186 2961 1243 3018 aut

149 3053 327 3121 dissentire.
364 3056 534 3130 Oonsensit
554 3077 642 3139 vero,
665 3078 761 3142 quum
776 3053 943 3119 dissentire
962 3074 1026 3117 non
1040 3061 1158 3139 posset,
1180 3074 1238 3117 ex·

148 3156 258 3220 tremis
279 3156 409 3221 Horatii
435 3156 544 3222 verbis
564 3155 659 3220 modo
681 3155 832 3242 negativo
853 3152 1007 3241 repetitis.
1041 3151 1150 3232 Quare
1171 3174 1239 3217 om·

146 3255 236 3319 nium
256 3278 310 3320 vv.
332 3255 364 3320 ll.
385 3255 562 3343 dfffludera
578 3255 753 3342 diffiuqere,
776 3254 929 3340 diffipere,
949 3251 1106 3339 diffidere,
1122 3251 1240 3337 diffun-

148 3355 230 3438 dere,
253 3354 417 3441 deflectere,
441 3355 602 3443 definpere,
627 3354 805 3442 defriaqere
827 3374 867 3417 ea
886 3353 1025 3416 maxime
1053 3359 1101 3416 est
1121 3351 1239 3439 proba-

147 3453 233 3538 bilis,
259 3477 343 3542 quae
369 3453 457 3519 idem
483 3455 610 3519 omnino
638 3477 678 3519 ac
707 3453 870 3518 dissentire
891 3451 988 3517 valet.
1032 3451 1088 3516 Ex
1116 3453 1241 3517 cunctis

147 3563 254 3619 autem
268 3554 371 3620 solum
387 3554 523 3620 verbum
544 3554 692 3642 diffidere
715 3553 945 3619 dissensionem
968 3551 1108 3635 denotat,
1130 3573 1239 3636 quam-

149 3653 261 3721 obrem
295 3654 331 3720 id
348 3647 350 3652 ’
367 3655 529 3720 sincerum
560 3674 742 3738 censemus,
773 3652 962 3739 praesertim
994 3672 1092 3737 quum
1124 3650 1242 3716 eodem

149 3754 330 3841 significatu
343 3754 429 3842 apud
441 3754 627 3820 Lucretium
646 3753 835 3836 inveniatur,
860 3773 955 3837 quem
969 3750 1121 3816 Horatius
1140 3773 1240 3838 saepe

149 3855 289 3920 imitatus
318 3863 375 3920 est.
417 3854 545 3920 Idcirco
566 3863 675 3919 tamen
701 3854 750 3918 bis
775 3873 833 3939 pro
859 3852 910 3917 bic
934 3851 1079 3916 Bentleio
1108 3860 1240 3916 auctore

147 3977 213 4020 non
233 3977 425 4044 supponam,
447 3954 598 4040 quoniam
617 3955 669 4019 bic
695 3952 842 4040 diffidere
869 3973 934 4017 non
959 3952 1064 4016 minus
1091 3959 1140 4015 est
1166 3972 1241 4038 pro·

147 4056 226 4121 bum
253 4077 348 4143 quam
378 4055 525 4143 diffidere
552 4077 626 4120 cum
652 4052 793 4120 ablativo
822 4059 1046 4119 constructum.
1088 4051 1141 4116 De
1167 4071 1240 4116 sen-

148 4158 248 4224 tentia
269 4157 326 4222 cfr.
350 4154 419 4224 oie.
442 4154 538 4221 Tusc.
560 4153 587 4239 Ι,
610 4153 662 4220 23.
685 4161 767 4219 extr.
