2678 4642
396 233 431 282 m
452 232 643 283 sarmuuun
663 233 793 283 umuuu
812 234 945 284 numum
1173 219 1215 287 35

122 397 245 484 locum,
268 419 363 486 quem
384 397 449 464 iam
468 398 632 464 Bentleius
659 398 824 487 scopulum
846 399 1054 486 interpretum
1074 403 1215 469 omnium

122 499 303 586 naufragiis
335 499 488 563 infamem
520 497 710 582 declaravit,
736 506 823 563 recte
855 498 1026 564 enodatum
1056 511 1214 588 putamus.

124 594 232 680 Quum
253 598 375 663 homini
394 599 496 686 probo
517 597 711 685 multumque
734 598 874 664 demisso
895 598 1004 664 tardus
1022 601 1214 689 pinguisque

119 697 210 762 -nullo
235 706 330 784 pacto
357 698 477 784 opponi
500 698 618 784 possit,
647 697 805 784 siquidem
822 698 941 784 probos
961 699 1146 786 multamque
1166 701 1216 766 de·

121 799 236 864 rausum
262 797 304 862 ad
329 818 452 880 mores,
479 796 591 862 tardato
608 798 800 884 puppemque
827 797 868 861 ad
894 797 1058 883 ingenium
1082 809 1215 886 spectat,

120 897 226 986 probo
252 896 383 962 multum
411 896 567 960 demissus
590 905 621 960 ct
641 896 732 961 tardo
754 897 883 982 pinguis
905 898 1135 982 contrapositus
1157 907 1214 965 est.

123 997 298 1062 Sanctam
314 996 433 1082 probas
454 1005 485 1060 et
506 995 658 1060 demissus
679 1017 774 1081 quam
795 995 906 1060 turdus
927 1004 959 1059 et
976 997 1104 1083 piupuia
1120 999 1216 1064 etiam

123 1097 273 1183 componi
294 1104 442 1181 possunt,
464 1103 497 1159 at
516 1103 611 1181 poeta
632 1094 714 1158 dixit
732 1095 861 1160 multam
881 1095 1032 1160 demissus
1054 1094 1090 1179 (i.
1112 1118 1141 1162 c.
1163 1098 1217 1163 lo·

122 1195 282 1276 millianam)
311 1203 343 1258 et
368 1217 532 1282 copoomea
555 1195 672 1281 priapuz'
696 1193 823 1276 domm
850 1194 936 1280 quod
963 1193 1124 1280 aliquanto
1145 1195 1216 1283 plus

122 1293 210 1360 valet
242 1316 339 1380 quam
361 1296 495 1380 piopriis
527 1307 580 1358 eat.
633 1292 772 1358 Proinde
800 1293 902 1358 verba
928 1293 1107 1358 Horatiana
1132 1295 1216 1360 hano

120 1393 158 1459 in
185 1394 327 1480 speciem
352 1393 530 1478 distinguo:
553 1393 677 1479 probus
697 1393 768 1478 qoz'o
787 1392 947 1456 uobiscum
967 1395 1059 1458 scirit:
1090 1395 1216 1475 mudum

122 1493 275 1558 demessus
295 1494 392 1558 domo.
424 1491 592 1556 luitardo
614 1515 778 1580 copaomea
790 1492 912 1579 priapui
930 1491 1048 1575 dumos,
1070 1491 1092 1556 i.
1115 1515 1143 1558 e.
1167 1497 1217 1560 cria

120 1593 243 1680 artiper
262 1591 393 1656 Freuad
409 1593 469 1679 pa'd
486 1593 552 1677 fair
573 1593 660 1657 scaea
678 1615 807 1678 pressea
827 1590 994 1674 Krieclzer,
1016 1593 1067 1658 etia
1087 1593 1216 1660 deduct-

121 1691 204 1779 tt’per
223 1691 322 1778 Kopf
335 1692 429 1757 lueisst
449 1692 501 1757 erla
521 1689 726 1777 Schofslaopfi

121 1855 156 1908 V.
173 1856 213 1909 58.
231 1871 288 1923 sqq.
732 1854 784 1904 Hic
800 1854 868 1922 fugit
884 1870 973 1906 omnes

321 1938 434 1990 Insidias
450 1937 567 2004 nullique
583 1936 652 1988 malo
669 1936 738 1988 latus
755 1937 828 1988 obdit
845 1941 970 2002 apertum,

323 2023 410 2084 Quum
426 2037 510 2088 genus
527 2020 579 2071 hoc
594 2020 662 2070 inter
677 2020 748 2071 vitae
763 2025 906 2070 versetur
921 2048 955 2058 -

208 2150 271 2217 Pro
294 2152 423 2241 vulgato
445 2167 583 2219 versetur
604 2152 839 2240 antiquissimus
858 2150 928 2216 MS.
944 2150 1131 2218 Blandinius
1152 2177 1217 2220 uer·

121 2275 227 2317 semar
247 2250 368 2336 habuit,
390 2252 476 2338 quod
491 2252 620 2338 quidem
634 2253 823 2339 speciosum,
844 2251 903 2315 sed
918 2273 960 2315 ex
973 2252 1216 2338 interpolatione

122 2359 227 2416 ortum
255 2359 312 2416 est.
354 2352 462 2416 Minus
490 2360 563 2438 apte
592 2353 677 2416 enim
696 2350 860 2416 Bentleius
887 2350 931 2415 ad
956 2373 1027 2415 cam
1047 2350 1217 2418 lectIonem

123 2449 360 2516 defendendam
391 2450 473 2516 haec
506 2450 620 2517 attulit:
652 2472 757 2537 neque
785 2459 912 2515 cautum
937 2449 1022 2515 hunc
1046 2451 1081 2515 in
1106 2453 1217 2539 peiore

122 2551 210 2616 vitae
236 2572 356 2636 genere
382 2573 478 2637 quam
503 2550 582 2615 alios
604 2550 744 2633 versari,
771 2570 877 2636 neque
898 2548 973 2614 huic
993 2551 1098 2636 magis
1120 2573 1217 2638 quam

123 2649 197 2716 aliis
218 2648 351 2714 insidias
374 2648 614 2735 calumniasque
635 2648 792 2732 vitandas,
814 2648 872 2714 sed
887 2648 1044 2714 eiusmodi
1059 2650 1217 2716 cautelam

121 2757 157 2839 ct
181 2748 384 2836 prudentiam
411 2750 446 2813 in
472 2751 558 2814 omni
582 2750 668 2815 vitae
695 2771 815 2836 genere
847 2749 987 2813 maxime
1014 2748 1217 2836 probandam

124 2861 208 2913 esse.
251 2847 412 2914 Videlicet
436 2849 589 2914 Horatius
616 2871 676 2913 uec
704 2848 744 2914 de
770 2848 891 2914 cunctis
913 2847 1062 2912 disseruit
1082 2848 1216 2915 homini-

123 2947 203 3032 bus,
230 2947 289 3012 sed
308 2956 429 3012 tantum
452 2948 492 3013 de
515 2948 598 3015 bene
620 2949 706 3013 sanis
728 2969 767 3012 ac
787 2969 853 3012 non
873 2947 1023 3031 incautis3
1048 2970 1153 3035 neque
1176 2948 1216 3015 de

124 3047 250 3112 insidiis
278 3046 505 3134 calumniisque
533 3047 686 3131 vitandis,
722 3047 781 3112 sed
806 3046 847 3112 dc
872 3045 1054 3111 hominibus
1082 3047 1217 3113 insidias

125 3146 366 3232 calumniasque
392 3146 577 3213 vitantibus.
619 3146 746 3211 Idcirco
773 3145 908 3212 verbum
933 3147 1058 3211 versari
1074 3168 1140 3211 non
1160 3169 1216 3234 po-

124 3255 207 3315 terat
232 3267 298 3311 non
322 3245 365 3310 ad
389 3269 565 3333 pronomen
589 3247 640 3311 lu'o
660 3244 817 3332 applicari
837 3253 869 3310 et
888 3258 1027 3312 casaur
1047 3246 1216 3331 sincerum,

126 3355 239 3412 contra
259 3369 414 3411 versemur
435 3347 578 3434 spurium
599 3345 845 3411 existimandum
861 3353 919 3410 est.

124 3512 155 3565 V.
173 3512 214 3564 63.
232 3527 289 3578 sqq.
322 3510 468 3576 Simplicior
484 3512 553 3577 quis
570 3515 600 3561 ct
617 3515 674 3576 cst,
692 3510 796 3578 qualem
812 3525 853 3560 me
870 3524 949 3576 saepe
965 3509 1103 3562 libenter

322 3593 466 3644 Obtulerim
481 3594 537 3659 tibi,
554 3594 701 3658 Maecenas,
718 3599 748 3644 ut
763 3594 829 3645 forte
845 3592 974 3660 legentem

321 3675 375 3727 Aut
391 3676 499 3727 tacitum
515 3677 659 3742 impellat
676 3677 769 3744 quovis
786 3690 914 3727 sermone:
931 3675 1064 3740 molestus,

322 3759 459 3809 Communi
475 3775 555 3810 sensu
570 3760 649 3826 plane
665 3745 899 3826 carctp'inquimus.

207 3873 343 3940 Variam
363 3873 535 3940 lectionem
555 3874 728 3962 simplicior
748 3876 781 3941 si
799 3875 877 3962 puio,
900 3873 981 3959 qual.
1004 3871 1057 3938 ille
1077 3872 1215 3958 protulit,

124 3974 180 4060 qui
200 3973 411 4040 indicativum
443 3973 682 4061 hypotheticum
709 3974 751 4041 ab
779 3993 969 4059 unoquoque
996 3981 1125 4038 auctore
1152 3973 1215 4038 fre·

125 4081 310 4159 quentatum
337 4084 370 4139 et
395 4073 531 4140 Horatio
557 4075 798 4140 usitatissimum
826 4093 897 4138 esse
923 4071 1102 4158 ignorabat.
1147 4071 1214 4138 cfr.

121 4194 156 4239 u.
172 4173 223 4238 29.
238 4194 286 4260 sq.
309 4173 360 4242 49.
376 4194 446 4260 sqq.
462 4173 514 4240 56.
530 4194 600 4262 sqq.
616 4174 667 4242 84.
683 4174 733 4240 91.
746 4196 794 4260 sq.
818 4171 886 4239 Sat.
903 4170 933 4256 I,
948 4171 1044 4323 4,33*4.
1059 4171 1104 4256 II,
1120 4172 1148 4256 1,
1162 4171 1213 4238 52.
