2678 4642
386 247 422 295 m
443 245 632 296 sarmarum
652 248 781 297 amnon
800 249 933 298 rantur
1162 237 1203 302 83

117 437 204 480 mur:
237 426 321 479 amat
338 436 463 501 paucae
488 414 624 479 tomam
648 426 678 478 et
703 427 831 480 melitem
856 415 1076 501 hemenonem,
1109 439 1143 484 er
1162 421 1205 486 iet

109 517 175 601 fa'r
199 516 297 601 menig
317 513 483 578 Meneclem
507 514 575 578 aad
598 537 680 601 qauz
701 513 859 601 pacandam
884 515 1203 587 Menecleaveretaad.

119 613 296 679 Declinans
323 612 459 696 scilicet,
487 620 521 676 ut
548 611 697 696 decebat,
725 612 766 677 ab
794 614 1041 701 interrogatione
1068 616 1205 687 hominis

120 715 280 781 communi
300 735 395 778 sensu
415 711 509 799 plane
533 711 668 776 carentis
691 720 723 776 et
742 734 929 799 responsum
948 715 991 780 ad
1004 718 1205 786 manifestum

120 817 188 880 eius
210 836 366 879 conamen
387 811 632 877 accommodans
655 812 716 876 duo
739 813 771 876 ei
791 813 1016 901 impedimenta
1038 838 1079 882 ex
1097 819 1205 886 indole

119 913 314 979 Maecenatis
343 913 509 999 depromta
535 911 662 976 obiecit.
704 910 841 977 Asseola
868 921 974 978 autem
997 915 1128 1002 ingenio
1153 919 1207 985 vel

119 1014 293 1079 fervidiore
320 1011 374 1077 vel
400 1010 563 1077 hebetiore
591 1008 666 1074 hinc
692 1032 758 1074 non
784 1011 947 1097 odoratus,
973 1035 1008 1078 se
1028 1013 1210 1085 Maecenati

119 1135 184 1177 non
204 1120 379 1200 acceptum,
401 1110 460 1175 sed
480 1132 754 1198 supervacaneum
774 1132 814 1176 ac
833 1110 916 1176 male
936 1136 1050 1179 sanum
1065 1116 1207 1184 declara-

119 1222 186 1278 tum
212 1234 299 1295 esse,
333 1210 554 1275 dexteritatem
579 1210 699 1298 potius,
726 1232 791 1296 qua
816 1210 969 1277 Horatius
994 1217 1120 1282 fortuna
1146 1218 1210 1284 sibi

121 1313 230 1379 oblata
255 1333 330 1375 usus
351 1311 385 1374 in
404 1309 601 1375 Maecenatis
622 1309 870 1375 familiaritatem
896 1317 1092 1400 pervenerit,
1113 1317 1209 1384 valde

123 1410 299 1493 collaudat,
329 1430 394 1474 non
419 1410 558 1474 sentiens
579 1408 632 1474 ille
660 1409 803 1497 quidem,
831 1433 867 1475 se
892 1411 947 1477 tali
969 1415 1208 1500 praedicatione

28 1498 29 1503 ἵ
123 1512 205 1576 adeo
225 1508 314 1596 vulgi
333 1508 471 1595 maligni*
485 1530 664 1574 sermonem
680 1508 724 1594 (v.
740 1507 807 1575 Sat.
822 1509 849 1594 Ι,
861 1510 890 1594 6,
905 1510 956 1576 45.
971 1535 1040 1599 sqq.
1063 1524 1096 1580 et
1116 1516 1159 1602 Π,
1181 1519 1211 1603 6,

123 1611 174 1675 40.
197 1610 281 1695 sqq.)
308 1610 451 1696 impense
473 1630 684 1696 exaggerare.
725 1608 824 1695 Atqui
844 1609 878 1674 in
898 1611 960 1676 ista
981 1612 1211 1683 collaudatione

123 1734 210 1776 nemo
232 1711 389 1774 dexterius
402 1710 541 1794 fortuna
561 1722 606 1773 eet
625 1733 701 1773 aeae
720 1707 827 1795 plures
848 1732 901 1774 vv.
920 1709 973 1775 dd.
995 1737 1088 1799 qaam
1108 1729 1142 1781 ta
1156 1717 1210 1782 de.

123 1811 266 1876 siderant
292 1818 436 1894 eratque,
462 1810 517 1894 qui
543 1806 746 1873 scholiastam
767 1807 864 1894 Oruq.
886 1822 914 1874 te
934 1811 1147 1900 conlegisse
1170 1839 1212 1883 ex

127 1912 196 1976 eius
229 1908 439 1996 explicatione
466 1930 553 1973 nemo
579 1921 623 1972 eat
650 1921 679 1972 te
701 1908 834 1994 felicior
859 1910 999 1975 amicitia
1024 1912 1215 1982 Maecenat

126 2009 302 2096 colligeret.
344 2008 466 2073 Verum
492 2006 555 2072 hoo
580 2014 658 2071 teate
685 2008 780 2071 etiam
806 2030 838 2072 v.
860 2008 911 2073 53.
939 2011 1043 2096 possis
1063 2037 1110 2078 me
1129 2016 1213 2081 inse·

125 2132 214 2192 rere,
236 2108 353 2195 quippe
374 2108 608 2193 interpretatur:
634 2107 692 2171 doe
713 2106 843 2172 dicendo
863 2107 956 2173 multo
975 2133 1023 2174 rae
1043 2115 1149 2200 mapa.
1164 2139 1214 2180 ae·

126 2208 247 2291 cendia,
268 2220 303 2272 at
328 2209 451 2293 cupiam
472 2208 504 2272 ei
520 2207 700 2294 familiario
720 2230 794 2271 eree.
836 2206 905 2271 Imo
927 2206 993 2273 Sat.
1015 2209 1065 2294 Π,
1086 2213 1120 2297 3,
1141 2215 1213 2281 264.

126 2331 184 2397 pro
213 2310 245 2372 ei
268 2308 402 2372 obsecret
428 2309 498 2395 ipse
525 2316 638 2371 auctor
663 2305 775 2370 horum
802 2307 974 2372 verborum
998 2309 1164 2378 Terentius
1186 2316 1219 2380 ai

126 2433 174 2475 me
201 2409 335 2474 obsecret
360 2405 471 2490 habet,
499 2427 604 2492 neque
625 2405 797 2493 quidquam
818 2405 863 2471 ibi
884 2408 1068 2475 novandum
1090 2420 1149 2496 est,
1171 2415 1213 2480 ai-

129 2508 260 2596 quidem
284 2508 319 2571 in
345 2505 474 2592 dialogo
500 2507 688 2594 pronomina
707 2504 904 2572 substantiva
924 2506 1010 2573 haud
1029 2532 1102 2576 raro
1123 2513 1215 2578 mini-
1246 2528 1248 2532 '

128 2630 245 2696 meque
272 2597 472 2672 incommode
500 2607 798 2693 praetermittuntur.
839 2606 972 2672 Praeter
996 2599 1153 2678 annotata
1173 2612 1218 2679 ad

130 2707 197 2773 Sat.
219 2707 246 2791 I,
267 2708 297 2790 4,
321 2706 369 2770 14.
393 2727 543 2793 compara
562 2729 595 2771 v.
617 2706 667 2770 22.
688 2727 736 2791 sq.
769 2704 810 2770 si
826 2705 899 2772 berte
919 2720 947 2773 te
967 2712 1048 2792 aeva}
1069 2735 1131 2777 noa
1152 2713 1217 2780 Va-

132 2831 200 2872 eam
214 2807 321 2892 plume
335 2807 475 2887 amicam,
496 2828 558 2870 noa
578 2804 705 2869 Verrem
720 2806 834 2891 faccee,
853 2827 898 2870 sc.
913 2830 1005 2891 qaam
1018 2833 1075 2874 me.
1109 2810 1216 2879 Oarm.

131 2905 158 2989 I,
180 2906 230 2988 25,
254 2904 303 2969 17.
325 2924 373 2989 sq.
398 2904 479 2968 loeta
498 2902 583 2989 quod
597 2903 695 2988 pubes
714 2903 964 2970 dederooireati
977 2908 1115 2994 gaudeat
1126 2913 1220 2997 palla

132 3006 233 3092 magio
254 3016 343 3089 atque
363 3015 476 3090 myrto,
504 3002 526 3065 i.
549 3023 577 3065 e.
600 3014 741 3086 quarata
763 3002 928 3088 decrepita.
971 3004 1021 3089 H,
1047 3007 1094 3072 17.
1116 3011 1219 3096 princ.

132 3104 200 3168 Nee
226 3102 277 3167 dis
297 3104 430 3167 amioum
451 3113 570 3166 oetaeo
590 3101 674 3183 mida,
696 3113 725 3166 te
737 3104 835 3187 priua
856 3103 955 3185 obire,
982 3123 1027 3169 so.
1049 3111 1217 3193 qaam'me.

133 3203 201 3286 III,
230 3202 259 3267 9.
281 3202 383 3289 princ.
405 3225 461 3267 aee
481 3203 643 3289 quiequam
659 3202 766 3286 potior
786 3201 915 3267 bractia
935 3204 1087 3272 candidae
1108 3211 1225 3276 cenea

133 3304 253 3368 iuvenis
273 3302 378 3385 dabat,
399 3302 421 3366 i.
444 3322 473 3366 e.
495 3325 587 3387 qaam
608 3323 672 3387 epo.
707 3300 791 3366 lbid.
813 3299 843 3366 5.
866 3324 913 3388 sq.
947 3303 1053 3371 Doaee
1072 3332 1135 3374 aon
1155 3310 1221 3376 olio

134 3405 236 3490 mapa
257 3403 379 3484 ornati,
408 3423 453 3466 se.
476 3425 568 3488 qaam
588 3423 644 3464 aee.
663 3485 665 3490 Α
686 3398 792 3486 Epod.
814 3399 906 3486 XIV,
927 3403 957 3468 9.
979 3426 1027 3490 aq.
1069 3406 1144 3473 Non
1164 3410 1221 3477 ali.

135 3515 182 3567 ter
206 3501 312 3567 Samio
340 3501 446 3567 dicant
471 3503 587 3567 arabae
611 3500 753 3587 Bathyllo
780 3499 976 3570 anaema
1001 3504 1120 3591 Teium,
1146 3508 1169 3575 i.
1191 3531 1220 3576 e.

135 3626 227 3688 qaam
248 3625 301 3688 eqo
323 3600 428 3666 ordeo.

136 3752 167 3806 V.
184 3753 224 3806 48.
241 3766 298 3817 aqq.
681 3749 741 3800 Non
757 3748 807 3800 isto
824 3749 950 3801 vivitur
964 3750 1027 3816 illio,

285 3834 344 3895 Quo
360 3835 390 3881 tu
405 3846 461 3882 rere
476 3831 566 3882 modo:
588 3831 680 3883 domus
697 3832 747 3882 hac
763 3847 812 3882 nee
827 3833 916 3898 purior
931 3833 987 3884 ulla
1003 3839 1043 3885 eat

284 3916 340 3966 Neo
355 3915 439 3980 magis
455 3913 495 3964 his
513 3913 600 3964 aliena
616 3915 703 3977 malim
720 3914 758 3965 nil
773 3916 810 3964 mi
826 3915 912 3979 officit,
928 3915 1074 3983 inquam,
1154 3907 1157 3911 ⁸

285 3998 371 4049 Ditior
386 3996 429 4047 hic
445 4001 491 4048 aut
507 4001 546 4047 eat
562 3997 624 4064 quia
641 3997 753 4062 doctior3
771 4002 810 4049 eat
825 3997 899 4049 loeus
914 3999 962 4049 nni
1147 3986 1151 3995 ’

287 4081 387 4147 Cuique
404 4095 476 4132 suun.
865 4074 868 4080 ’

221 4197 381 4264 Iudicium
400 4194 432 4262 h.
450 4195 472 4263 l.
494 4195 535 4263 de
557 4195 651 4263 domo
664 4195 909 4263 Maecenatiana
923 4196 1042 4349 factippr
1055 4156 1225 4287 propterea
