2678 4642
141 207 183 272 86
565 224 799 275 commanus

145 387 252 455 Oarm.
274 390 332 475 IV,
354 390 382 474 6,
403 389 454 456 29.
476 413 524 478 sq.
546 390 609 457 sibi
634 391 778 479 spiritum
806 398 838 455 et
854 380 966 456 vartem
993 388 1142 454 carminis
1167 408 1223 451 no·

142 512 279 576 menque
299 499 412 580 poetae
435 490 562 556 dedisse
584 491 674 557 dixit.

581 668 717 743 SM·
738 670 799 742 X·

145 803 176 854 V.
194 805 217 854 1.
234 819 290 871 sqq.
344 807 439 872 Lucili,
455 823 533 874 quam
549 808 585 858 sis
602 809 750 871 mendosus,
765 811 832 858 teste
849 805 948 858 Catone

341 890 485 941 Defensore
501 895 547 942 tuo
563 892 720 957 pervincum,
738 892 783 957 qui
798 891 866 941 male
881 890 966 942 factos

343 973 489 1023 Emendare
505 978 581 1039 parat
597 989 695 1024 versus.
728 975 787 1024 Hoc
803 974 887 1024 leuius
902 973 955 1035 ille,

346 1056 414 1118 Quo
431 1056 548 1108 melior
563 1057 613 1106 vir
629 1061 661 1106 et
677 1061 730 1107 est
746 1057 823 1124 longe
841 1057 960 1107 subtilior
974 1055 1029 1118 illo,

345 1139 398 1200 Qui
413 1139 521 1190 multum
537 1155 602 1205 puer
618 1144 647 1190 et
662 1139 742 1190 loris
760 1146 785 1190 et
801 1140 908 1190 funibus
924 1140 984 1190 udis

344 1221 555 1286 Exhaustus,
572 1227 601 1273 ut
618 1228 687 1273 esset
700 1226 779 1288 'opem
795 1224 840 1288 qui
856 1224 922 1274 ferre
938 1223 1023 1289 poetis

345 1304 465 1371 Antiquis
481 1313 570 1371 posset
586 1311 677 1357 contra
692 1306 798 1356 fastidia
814 1313 912 1369 nostra,

349 1387 634 1440 Grammaticorum
651 1390 795 1455 equitnm
812 1388 1028 1439 doctissimus.
1052 1386 1093 1437 Ut
1108 1383 1233 1434 redeam

1113 1466 1199 1516 illuc.

233 1585 302 1650 Hos
324 1594 395 1652 octo
415 1610 527 1653 versus
547 1588 582 1653 in
601 1587 762 1675 plerisque
782 1586 844 1652 Lb.
865 1585 961 1651 MSS.
982 1593 1124 1673 repertos
1148 1583 1234 1667 (nam

154 1705 209 1749 eos
231 1686 423 1774 aplerisque
445 1687 559 1753 abesse
575 1686 713 1753 Orellius
735 1710 831 1774 quum
853 1709 895 1751 ex
916 1686 1039 1750 silentio
1055 1686 1235 1749 criticorum

153 1783 236 1849 male
259 1786 401 1873 collegit,
432 1797 498 1852 tum
518 1788 656 1874 iniquius
688 1787 857 1853 arbitratus
889 1794 946 1870 est,
978 1786 1119 1871 alioquin
1150 1784 1236 1847 enim

153 1906 215 1950 nec
235 1886 389 1952 tredecim
409 1888 499 1953 Feae
521 1887 603 1953 Cdd.
625 1889 785 1953 conualles
807 1887 963 1970 dixisset),
988 1895 1155 1973 postquam
1183 1889 1237 1946 aut

154 1983 302 2051 Laudine
322 1997 494 2074 praeeunte
516 1989 549 2053 in
570 1990 788 2053 annotationes
802 1987 947 2073 relegati,
968 1995 1022 2051 aut
1040 1984 1131 2066 adeo,
1154 2003 1237 2067 quae

156 2085 211 2149 via
230 2108 348 2172 magno
371 2089 465 2152 etiarn
485 2087 631 2152 Bentleie
653 2088 832 2175 expeditior
853 2096 884 2151 et
903 2084 1076 2173 proclivior
1096 2085 1166 2148 m'sa
1181 2091 1238 2164 est,

155 2183 250 2270 plane
279 2187 429 2274 expuncti
460 2197 564 2271 erant,
595 2188 770 2252 secuudum
800 2189 1013 2252 vetustissima
1044 2182 1239 2269 exemplaria

156 2285 313 2370 impressa
333 2285 494 2352 Gesnerus
515 2288 657 2372 restituit,
681 2309 745 2372 eos,
767 2288 795 2352 si
814 2309 880 2352 non
892 2287 1027 2369 Horatii,
1050 2285 1170 2368 antiqui
1190 2290 1238 2344 ta-

156 2405 232 2446 men
253 2392 284 2448 et
303 2386 462 2472 ingeniosi
481 2386 617 2451 hominis
639 2409 718 2475 opus
740 2409 811 2452 esse
832 2396 933 2471 ratus,
959 2387 1037 2451 licet
1063 2381 1239 2467 Dionysius

157 2481 333 2550 Lambinus
359 2488 604 2572 pronuntiasset:
646 2487 741 2571 „Hcs
773 2509 885 2551 versus
911 2488 939 2550 si
966 2486 1036 2571 quis
1062 2505 1127 2547 non
1152 2480 1241 2545 videt

157 2603 222 2646 non
243 2605 314 2649 esse
334 2584 545 2671 Horatianos,
570 2588 603 2651 in
629 2585 678 2651 his
704 2586 814 2651 litteris
841 2608 955 2672 parum
982 2584 1099 2648 videt.“
1141 2581 1239 2645 Prae-

158 2689 249 2747 terea
267 2682 334 2750 Iac.
356 2686 446 2750 Frid.
467 2686 688 2772 Heusingerus
716 2685 766 2769 (dc
793 2687 931 2750 cambus
956 2684 1149 2763 Horatianis,
1176 2680 1242 2766 qai-

159 2783 217 2848 bas
237 2807 326 2871 eques
345 2787 540 2872 absportauus
560 2787 681 2851 Lucilii
702 2785 849 2873 desererer
868 2786 975 2874 facete
999 2780 1242 2870 reprehenditur,

162 2907 275 2951 caussa
286 2910 406 2973 purum
425 2889 594 2976 manaj‘esta
615 2887 654 2950 ab
679 2887 814 2951 Horatio
841 2883 1037 2950 abiudicatis.
1079 2877 1241 2947 Wolfenb.

163 2983 496 3070 1759.)i110sversus
523 2987 565 3052 ab
597 2987 726 3051 interitu
756 2986 922 3051 vindicare
953 2983 1081 3049 studuit.
1124 2979 1244 3045 Contra

162 3079 367 3150 Heindorfius
393 3109 505 3152 versus
534 3095 753 3152 controversas
780 3085 907 3150 Horatii
934 3082 1062 3170 quidem
1088 3102 1159 3144 esse
1188 3100 1243 3142 ex·

163 3185 336 3269 intimabat,
358 3186 416 3252 scd
436 3186 477 3253 ab
501 3208 538 3251 ec
560 3195 615 3251 aut
641 3186 766 3251 Satirae
787 3184 831 3270 H,
854 3185 883 3250 1.
904 3182 1096 3271 praemissos
1117 3187 1243 3266 postea-

164 3306 227 3370 que
247 3284 443 3373 reprobatcs,
469 3295 525 3351 aut
550 3285 646 3352 aliam
673 3285 718 3351 ad
743 3285 881 3350 Satiram
906 3280 1134 3348 exordiendam
1161 3300 1245 3343 ccm-

163 3385 283 3471 positcs
304 3407 366 3450 nec
385 3407 464 3451 vcro
487 3385 658 3452 absolutos.
689 3385 898 3473 Imperfectos
920 3390 1026 3448 autem
1045 3401 1157 3444 versus
1177 3376 1244 3440 Hc-

164 3487 246 3550 ratio
266 3493 388 3550 mortuo
410 3485 453 3550 ad
472 3486 633 3550 ineuntem
653 3484 737 3550 hanc
758 3485 906 3567 Satiram,
928 3503 990 3569 quo
1011 3480 1169 3568 quadrare
1183 3477 1246 3541 visi

166 3593 281 3668 essent,
302 3583 430 3650 tralatos
452 3607 533 3670 esse,
562 3585 772 3673 copulationis
798 3585 904 3672 gratia
928 3580 1036 3647 verbis
1062 3593 1096 3643 at
1123 3577 1248 3642 redeam

164 3685 239 3751 illac
260 3684 389 3750 adsutis.
421 3683 490 3750 Sed
508 3684 569 3750 hoc
590 3686 803 3773 fragmentum
817 3706 881 3749 non
894 3685 929 3748 in
942 3682 1050 3747 omnia
1062 3680 1247 3767 pervenisse

167 3784 377 3873 exemplaria,
405 3786 611 3871 quamobrem
636 3787 752 3851 necin
778 3784 924 3850 omnibus
946 3781 1028 3847 Odd.
1057 3787 1162 3844 exstet
1187 3799 1249 3841 nec

168 3887 355 3953 scholiastes
376 3886 543 3951 invenerit.
580 3884 679 3958 Cuius
701 3886 830 3972 quidem
852 3884 980 3971 generis
1001 3878 1194 3945 membranis
1214 3876 1249 3940 hi

168 3996 314 4053 auctores
334 3985 498 4052 mirabiles
519 3986 570 4051 usi
590 3987 660 4071 sint,
681 3987 746 4050 iam
768 3986 811 4051 ad
831 3985 898 4050 Sat.
919 3984 946 4067 Ι,
968 3983 998 4066 5,
1020 3982 1049 4046 6.
1070 3979 1220 4045 vidimus.

250 4087 320 4152 Iam
339 4106 419 4152 vero
440 4086 597 4174 quomodo
618 4085 697 4152 illud
710 4085 808 4152 habet
821 4085 1004 4173 genuinum,
1025 4091 1059 4145 ut
1072 4081 1249 4167 opinantur,

170 4187 295 4255 Satires
314 4186 451 4252 initium:
481 4186 599 4277 Nempe
611 4188 812 4276 ebccmposito
827 4182 987 4272 dicipede
1008 4202 1132 4248 currere
1144 4200 1251 4242 vasus
