2678 4642
359 250 395 298 m
417 249 608 299 summum
628 251 757 300 cmmm
779 251 964 301 sncmnnu
1151 238 1209 302 101

117 416 264 481 stitucns:
284 439 437 501 nusquam
458 417 521 482 atri)
537 431 759 504 praeterquam
780 418 825 484 ad
842 419 939 483 libros
960 419 1134 501 decurrens,
1157 445 1211 486 sea

117 517 190 580 heae
218 517 251 580 ci
269 528 401 580 cesserat
428 517 462 580 r'a
489 517 651 582 scm‘beado
679 543 734 582 sea
761 518 848 583 male.
893 517 961 583 Sed
987 521 1021 583 ia
1046 519 1209 584 scribendo

116 614 258 703 suppleri
284 616 395 702 nequit
419 624 455 680 et
480 617 507 680 si
533 626 641 705 posset
668 615 824 703 suppleri,
856 620 1030 704 permirum
1057 617 1211 684 evaderet

116 714 217 780 hocce
239 714 370 780 dictum:
393 714 438 780 illi
459 715 589 800 quidem
611 718 750 800 auctori,
773 717 825 780 cui
846 717 880 780 in
901 717 1072 783 scribendo
1094 740 1209 804 usque·

117 836 244 902 quaque
265 814 349 880 benc
372 813 480 897 cedat,
504 837 624 880 arcana
644 839 703 881 suc
724 815 835 881 litteris
858 818 1050 903 consignare
1075 818 1208 903 permis·

116 937 187 979 sum
208 935 288 999 esse,
315 913 439 979 Lucilio
461 923 568 979 tumen
588 926 721 1003 propter
745 914 918 1001 ancipitem
944 916 1108 982 scribendi
1134 940 1208 1004 pro-

71 1009 74 1014 ’
116 1036 241 1079 cessum
255 1026 283 1099 ‘a
305 1013 532 1079 consuetudine
554 1037 606 1079 res
628 1038 702 1081 suas
721 1025 859 1088 'arcanas
881 1015 972 1081 libris
989 1016 1208 1082 committendi

115 1113 341 1179 abstinendum
361 1113 470 1194 fuisse.
512 1113 638 1179 Pariter
658 1137 737 1180 vcro
760 1114 923 1201 improbo,
951 1138 1047 1202 quem
1068 1116 1123 1181 clii
1152 1123 1206 1181 vv'.
1231 1172 1236 1181 .
1273 1111 1275 1114 ’

13 1294 16 1300 ,
116 1213 171 1279 dd.
192 1214 384 1278 invenerunt
406 1211 614 1300 explicetum:
643 1217 707 1280 sive
728 1215 807 1301 qaid
832 1217 865 1279 ei
881 1216 960 1279 male
981 1229 1122 1294 euenerat
1143 1217 1207 1281 sim

113 1337 276 1399 prospere,
299 1313 416 1378 chortis
436 1315 503 1378 sais
525 1315 736 1379 committebat.
776 1313 870 1378 Unde
893 1315 978 1378 enim
1000 1316 1079 1402 quid
1096 1325 1206 1402 peten-

89 1413 193 1509 ‚dum
214 1413 277 1476 sit?
318 1412 433 1499 Neque
455 1412 496 1478 de
518 1414 645 1479 fortuna
665 1413 798 1497 Lucilii,
826 1412 885 1478 sed
907 1413 952 1478 de
968 1414 1110 1480 moribus
1137 1416 1205 1500 sgi-

114 1522 176 1577 tur.
224 1513 296 1593 Qua
327 1511 369 1577 de
401 1534 500 1577 causa
529 1500 667 1592 'verbum
696 1527 835 1602 qesserat
867 1512 972 1596 locum
1004 1537 1095 1579 suum
1124 1515 1204 1578 obti-

114 1633 192 1676 nere
211 1612 317 1695 debet,
332 1611 520 1700 simpliciter
533 1612 611 1677 illud
626 1608 757 1700 quidem
778 1604 820 1678 ad
842 1638 961 1677 arcana
981 1612 1205 1700 adaptandum,

117 1712 200 1776 sicut
218 1712 351 1800 yereade
374 1711 416 1776 ad
444 1737 496 1776 res
524 1735 575 1798 ap.
600 1712 668 1777 010.
690 1713 763 1777 Fin.
785 1711 826 1796 V,
849 1713 898 1777 19.
925 1715 1128 1777 mamme—
1155 1737 1206 1778 eos

112 1812 219 1876 maere
233 1835 402 1898 possumus
421 1827 472 1876 res
491 1826 558 1899 qest
559 1837 595 1877 as
616 1813 727 1877 andire
754 1826 783 1877 et
803 1813 901 1900 tenere
922 1813 1012 1893 velle,
1034 1815 1091 1896 qai
1109 1838 1130 1877 a
1150 1837 1205 1900 spe

111 1911 245 2000 ⁸qeremii
263 1912 374 1977 absunt
396 1914 533 1998 confecti
550 1925 710 1976 senectute.

197 2013 260 2076 Pro
296 2010 476 2076 vocabulo
472 2035 623 2097 usquam
660 2011 788 2098 plurimi
827 1986 908 2087 Ouid,
948 2035 1094 2097 amquam
1127 2013 1203 2076 offe·

113 2120 195 2227 runt,
218 2133 280 2196 quo
300 2111 452 2196 temporis
473 2120 529 2173 not
530 2111 561 2174 io
589 2111 692 2175 minus
721 2111 887 2175 commode
912 2111 1058 2175 infertur.
1101 2099 1202 2176 Acer-

113 2212 193 2276 rimo
217 2219 327 2275 contra
352 2208 470 2273 Lucilii
497 2209 600 2274 studio
629 2212 756 2278 nonnisi
783 2211 873 2276 libris
902 2232 1022 2275 arcana
1047 2232 1106 2275 sua
1133 2232 1201 2276 cre-

112 2311 210 2377 dendi
230 2309 395 2393 vulgatum
420 2334 550 2396 nsquam
575 2311 638 2375 atro
665 2332 760 2397 quam
780 2311 920 2375 maxime
943 2331 1120 2396 congruum
1142 2320 1201 2399 es·

110 2411 244 2476 Maioris
266 2420 372 2475 autem
392 2410 545 2475 momenti
567 2432 637 2474 esse
659 2410 800 2495 videtur,
828 2409 914 2498 quod
939 2409 1042 2480 verbe
1070 2433 1128 2497 qao
1147 2412 1200 2496 fit,

109 2524 144 2576 at
176 2512 276 2576 omm's
305 2512 408 2575 ootr'oa
436 2522 545 2596 pateat
581 2511 677 2582 celati
705 2510 864 2597 descriota
891 2511 1003 2575 tabella
1028 2512 1094 2574 m‘ta
1120 2512 1203 2574 senis
1257 2557 1260 2562 -

110 2611 251 2677 nondum
272 2618 359 2674 recte
382 2610 519 2675 enodata
539 2620 620 2675 sunt.
665 2610 775 2676 Solent
802 2609 935 2697 scilicet⁴
951 2633 1004 2676 vv.
1034 2609 1087 2674 dd.
1116 2608 1201 2675 hunc

109 2711 214 2776 locum
235 2732 293 2796 pro
316 2709 504 2774 documento
525 2709 661 2795 habere,
683 2710 857 2793 Lucilium,
879 2709 934 2797 qui
954 2709 1097 2774 Eusebio
1119 2717 1200 2774 teste

111 2833 229 2874 annum
249 2811 362 2874 aetatis
384 2810 664 2896 quadragesimum
686 2819 811 2874 sextum
831 2830 896 2873 non
919 2809 1066 2893 excessit,
1088 2830 1200 2872 senem

111 2909 224 2974 obiise.
255 2908 351 2989 Quod
372 2910 400 2972 si
420 2931 532 2972 verum
555 2917 648 2992 esset,
663 2908 823 2973 Lucilium
845 2909 941 2972 etiam
962 2931 1072 2973 senem
1093 2908 1199 2973 adhuc
1295 2957 1297 2960 -

110 3009 223 3072 satiras
245 3007 411 3094 scripsisse
432 3029 565 3072 neccsse
587 3008 679 3072 foret.
712 3007 757 3072 Ut
769 3007 831 3072 hoc
846 3006 1071 3091 concedamus,
1092 3017 1200 3073 tamen

109 3108 143 3172 in
164 3106 281 3171 Lucilii
302 3108 406 3172 satiris
429 3128 555 3171 omnem
582 3115 704 3172 tentum
730 3108 829 3172 vitam
856 3107 940 3171 sem's
965 3104 1107 3192 petuisse
1134 3129 1200 3171 non

109 3229 276 3294 possumus
298 3229 363 3271 non
384 3228 515 3291 negare.
558 3207 628 3271 Nec
649 3205 726 3271 talia
746 3206 898 3289 Horatius
924 3207 1098 3271 memoriae
1125 3228 1199 3293 pro-

110 3307 205 3390 didit,
227 3307 284 3372 sed
305 3306 340 3372 id
360 3308 481 3394 potius,
509 3307 543 3370 in
568 3305 686 3371 Lucilii
707 3307 813 3371 satiris
836 3327 962 3372 omnem
982 3307 1084 3371 vitam
1106 3306 1204 3371 sicuti

108 3409 191 3472 sem's
210 3408 245 3472 ia
271 3408 376 3472 tabula
402 3408 506 3471 ootioa
531 3406 719 3493 descriptam
744 3407 896 3494 patuisse.
939 3406 994 3471 Ex
1021 3428 1085 3493 qun
1113 3428 1198 3471 com·
1263 3458 1265 3462 .

109 3507 289 3594 paratione,
312 3508 401 3571 cuius
422 3507 549 3570 tertium
570 3517 617 3571 est
638 3521 697 3594 per
716 3506 834 3571 Lucilii
855 3515 887 3571 et
907 3507 993 3571 senis
1015 3505 1198 3592 garrulitas,

109 3616 219 3671 contra
239 3607 334 3694 plane
356 3628 451 3693 quam
471 3629 526 3671 vv·
549 3605 602 3670 dd.
632 3615 815 3689 senserunt,
841 3607 1024 3671 necessario
1047 3606 1197 3693 sequitur,

108 3706 268 3771 Lucilium
288 3728 350 3770 nec
370 3727 481 3771 senem
501 3707 614 3771 satiras
636 3707 752 3771 fecisse
774 3728 879 3792 neque
901 3728 1012 3770 senem
1028 3727 1099 3770 esse
1113 3726 1196 3769 mor-

108 3817 206 3890 tuum,
228 3829 325 3892 quum
347 3827 471 3870 omnem
494 3828 586 3870 suam
606 3807 706 3870 vitam
726 3807 857 3870 minime
879 3827 996 3888 senex,
1018 3803 1077 3869 sed
1100 3803 1198 3870 veluti

108 3929 209 3973 senex
229 3908 263 3971 in
284 3906 389 3970 satiris
415 3904 560 3970 retulisse
590 3906 691 3970 dictus
722 3907 773 3970 sit.
817 3905 954 3970 Tantum
975 3905 1073 3990 igitur
1094 3904 1196 3986 abest,

107 4017 142 4073 ut
168 4016 274 4072 nostro
288 4006 372 4071 .loco
398 4005 612 4070 testimonium
638 4006 775 4071 Eusebii
800 4007 887 4070 circa
914 4009 1051 4070 aetatem
1078 4002 1197 4069 Lucilii

106 4109 276 4189 refutetur,
304 4114 338 4170 ut
363 4105 434 4171 veri
458 4104 611 4173 reddatur
643 4105 844 4170 simillimum.
887 4103 927 4169 In
961 4101 1201 4169 constructione,

108 4230 185 4274 vero
217 4205 389 4273 verborum
419 4213 546 4294 poetam
575 4216 662 4293 patet
693 4206 834 4292 vestigia
861 4204 1060 4271 Graecorum
1087 4227 1196 4292 perse-
