2678 4642
396 212 432 262 1n
452 213 643 264 1111111111
663 211 792 262 omnum
812 213 945 263 1111111111
1173 198 1214 264 39

487 370 492 380 ·
545 347 683 449 snm.
710 375 798 446 lv.

122 512 156 566 V.
173 513 197 568 3.
215 528 271 578 sqq.
326 511 356 562 si
372 511 430 576 quis
447 516 503 562 eret
520 511 615 578 dignus
631 512 750 576 describi,
769 511 839 577 quod
855 510 939 562 malus
966 515 1021 562 aut
1045 509 1107 576 fur,

325 595 403 656 Quod
419 595 542 645 moechus
559 595 626 646 foret
642 598 689 646 aut
705 594 813 645 sicarius
830 600 876 645 aut
892 594 991 661 alioqui

322 677 452 728 Famosus
468 713 552 724 --

208 790 357 878 Plerique
373 792 455 859 Odd
477 817 516 862 oc
536 795 600 876 for,
624 791 712 879 quod
731 791 947 858 nonnullivv.
963 791 1017 858 dd.
1041 791 1212 879 designare

122 889 234 956 volunt
253 915 291 957 oc
303 893 442 978 prosbde
459 894 526 981 for
546 892 599 958 vel
625 905 654 957 ot
670 905 841 979 propterea
860 892 984 979 quidem
990 940 999 975 ,
1028 913 1111 978 quac
1137 913 1212 956 con-

122 999 207 1055 torta
232 991 389 1056 sententia
414 991 492 1056 mihi
517 1014 582 1056 non
612 990 726 1078 placet.
770 991 933 1074 Quocirca
959 1004 1013 1057 out
1038 991 1212 1077 genuinum

121 1088 277 1174 arbitror,
297 1112 360 1156 nec
380 1113 459 1156 vero
479 1093 581 1156 molto
599 1093 665 1180 for
685 1091 837 1178 seiunge,
859 1091 918 1158 sed
939 1112 1041 1178 aeque
1063 1090 1212 1178 consocio

122 1210 165 1254 ae
186 1186 252 1253 Sat.
274 1189 301 1268 Ι,
325 1190 353 1272 1,
376 1189 426 1255 li.
448 1192 546 1271 moloc
557 1191 664 1278 fures.
709 1189 775 1256 cfr.
799 1189 867 1256 Sat.
888 1190 915 1274 Ι,
932 1191 962 1275 6,
984 1191 1035 1255 68.
1056 1190 1100 1274 Π,
1117 1192 1145 1273 1,
1160 1190 1211 1255 56.-

121 1287 168 1370 Π,
182 1287 212 1371 3,
226 1289 277 1352 43.
295 1289 364 1353 135.
380 1288 424 1374 Π,
439 1290 468 1374 6,
485 1290 534 1354 18.
549 1288 654 1376 Epist.
669 1289 696 1374 Ι,
713 1291 761 1373 10,
777 1289 828 1355 25.
845 1290 952 1355 Oarm.
967 1289 993 1374 Ι,
1008 1290 1038 1372 3,
1052 1289 1103 1354 28.
1118 1288 1145 1373 Ι,
1162 1289 1212 1354 13.

124 1389 175 1452 18.
208 1387 421 1474 Postpositum
434 1402 489 1454 cot
510 1389 634 1454 videtur
654 1397 685 1453 et
698 1388 846 1454 librarios
862 1398 895 1454 et
909 1389 1034 1454 criticos
1048 1387 1211 1453 fefellisse.

123 1486 192 1553 Sed
211 1509 275 1551 non
296 1488 341 1553 ita
354 1510 427 1553 raro
440 1488 612 1576 reperitur.
643 1487 685 1554 V.
703 1488 768 1553 Sat.
784 1489 811 1573 l,
826 1489 856 1573 3,
870 1489 920 1553 39.
954 1487 1061 1554 (larm.
1076 1487 1104 1571 I,
1118 1488 1169 1573 21,
1181 1487 1211 1553 l.

120 1586 271 1674 Epod.·l‚
286 1587 338 1652 34.
541 1599 544 1603 ’

120 1703 154 1755 V.
173 1705 212 1756 11.
246 1704 333 1765 Quum
348 1703 440 1754 flueret
455 1702 605 1766 lutulentus,
623 1707 686 1765 1111,
704 1702 775 1770 quod
791 1702 907 1754 tollere
923 1702 1005 1753 velles
1021 1739 1104 1751 ...-

206 1785 482 1867 Quemadmodum
502 1784 638 1850 Romani
658 1784 743 1849 huno
763 1785 868 1850 locum
890 1785 1117 1869 intellexerint,
1144 1794 1212 1851 tam

121 1908 167 1951 ex
197 1907 236 1950 eo
266 1894 368 1973 patet,
400 1885 486 1972 quod
515 1894 612 1973 poeta
638 1885 680 1950 ab
707 1885 818 1949 amicis
847 1884 964 1949 Lucilii
990 1884 1211 1950 vehementius

120 1982 335 2073 reprehensus
362 1984 514 2049 iudicium
541 2007 633 2049 suum
654 1983 720 2049 Sat.
742 1984 769 2067 I,
793 1985 841 2067 10,
863 1984 914 2049 58.
936 2007 1005 2081 sqq.
1036 1984 1210 2050 defendere

121 2085 249 2166 studuit,
271 2107 368 2171 quam
391 2106 433 2148 ex
454 2082 637 2148 clarissimis
660 2083 769 2148 verbis
792 2083 978 2164 Quintiliani
998 2085 1076 2149 Inst.
1094 2083 1151 2149 Or.
1166 2084 1217 2168 Χ,

122 2187 152 2268 1,
174 2184 224 2249 94.
256 2185 326 2272 Epo
347 2196 493 2270 quantum
515 2184 655 2266 abillis,
685 2196 803 2249 tontum
823 2185 862 2249 ab
889 2185 1023 2249 Horatio
1052 2184 1210 2270 dissectio,

120 2285 180 2372 qui
195 2284 353 2348 Isccc'lc'om
364 2283 467 2370 fluore
487 2284 665 2348 lutulentum
686 2296 715 2347 et
738 2307 803 2348 csse
831 2284 967 2370 aliquid,
996 2283 1080 2370 qood
1106 2284 1211 2349 tollere

115 2385 238 2470 possis,
258 2395 362 2469 putot.
416 2381 486 2447 Imo
515 2383 585 2469 ipse
605 2380 758 2447 Horatius
780 2381 846 2447 Sat.
869 2382 895 2466 Ι,
919 2384 968 2467 10,
990 2383 1040 2448 59.
1070 2382 1210 2447 tollenda

121 2491 232 2569 aperte
255 2482 403 2570 opposuit
422 2481 662 2569 relinquendis,
679 2490 714 2546 ut
733 2481 787 2547 hic
809 2482 849 2546 de
870 2480 965 2547 laude
986 2482 1124 2569 quadam
1144 2482 1208 2546 Lu-

121 2581 189 2646 ciiii
219 2604 313 2646 nemo
346 2580 470 2647 sobrius
503 2583 645 2668 cogitare
677 2582 788 2668 possit.
831 2580 976 2647 Verbum
1008 2582 1112 2647 tollere
1131 2583 1153 2646 i.
1176 2604 1208 2667 q.

118 2682 217 2747 lituro
243 2682 362 2765 tollere,
387 2682 469 2747 sicut
496 2680 565 2747 (lic.
586 2681 651 2745 Α11.
673 2680 769 2765 XIII,
790 2682 841 2746 23.
870 2681 1072 2746 librariorum
1098 2679 1216 2748 mendo-

120 2781 276 2846 tolluntur.
944 2813 945 2816 ¹
1015 2802 1024 2831 1

120 2896 152 2949 V.
172 2899 211 2950 12.
228 2912 285 2963 sqq.
324 2896 450 2947 Garrulus
468 2901 546 2962 atque
562 2896 636 2962 piger
652 2895 783 2946 scribendi
799 2895 865 2946 ferre
881 2880 1005 2960 laborem)

319 2978 455 3029 Scribendi
471 2983 551 3029 recte:
568 2994 631 3028 nam
646 2984 676 3029 ut
692 2979 809 3042 multum,
826 2979 863 3029 nil
879 2994 972 3029 moror.
1005 2979 1084 3044 Ecce,

321 3061 457 3126 Crispinus
474 3062 600 3112 minimo
617 3066 901 3126 1111111111.-

202 3161 266 3226 Pro
287 3161 414 3225 meisimo
434 3161 475 3225 N.
496 3160 650 3225 Heinsius
672 3159 765 3236 mimo,
787 3158 950 3224 Bentleius
972 3175 1100 3232 nummo,
1120 3160 1206 3225 Hor-

119 3260 225 3326 kelius
246 3276 358 3325 numero
381 3258 632 3325 substituendum
652 3261 761 3324 suasit.
788 3260 881 3324 Licet
900 3257 1063 3324 Bentleius
1078 3259 1206 3324 invento

121 3382 180 3425 suo
212 3352 400 3444 subi'ccerit,
432 3369 486 3425 aut
517 3382 552 3424 se
578 3358 673 3424 valde
701 3359 783 3443 falli,
817 3368 872 3424 aut
893 3359 948 3445 qui
969 3357 1021 3424 vel
1041 3359 1208 3423 minimum

120 3459 233 3525 iudicii
253 3458 381 3543 habeat,
402 3481 514 3525 veram
533 3460 661 3524 Horatii
681 3482 811 3524 manum
828 3459 863 3522 in
885 3460 1070 3524 coniectura
1084 3481 1207 3523 commo

121 3559 304 3646 agniturum
326 3581 412 3644 esse,
440 3568 546 3624 tamen
574 3581 683 3623 omnes
713 3560 925 3623 correctiones
946 3581 1076 3647 prorsus
1097 3581 1206 3646 super-

120 3682 284 3725 vacaneas
306 3658 450 3724 iudicare
472 3680 535 3723 non
557 3681 681 3724 vereor.
724 3659 827 3724 Minae
849 3682 926 3725 sane
955 3667 1028 3725 sunt
1052 3659 1205 3744 interpre-

120 3761 257 3825 tationes
283 3761 372 3824 voois
398 3760 540 3841 miiitiae,
567 3781 612 3823 sc.
635 3758 734 3847 dipito
755 3759 808 3824 vel
825 3759 947 3846 pretio,
974 3767 1104 3845 propter
1123 3756 1206 3822 haec

121 3868 230 3924 autem
251 3855 375 3924 ludicra
394 3858 536 3923 nondum
562 3857 736 3945 quidquam
760 3852 1005 3941 immutandum,
1037 3857 1094 3923 sed
1120 3857 1206 3922 seria

119 3960 226 4046 potius
248 3958 418 4046 explicatio
440 3957 664 4045 investiganda
685 3967 747 4041 est,
769 3980 853 4045 quae
874 3957 966 4023 nobis
991 3958 1206 4043 promtissima

120 4059 259 4125 videtur.
291 4058 465 4145 Postquam
480 4058 565 4122 enim
575 4057 727 4123 Horatius
748 4079 783 4122 se
804 4057 883 4122 nihil
903 4057 1022 4122 morari
1042 4057 1208 4142 professus¹

121 4169 178 4246 est,
198 4167 234 4225 ut
253 4159 384 4225 moltam
400 4157 573 4242 scribatur,
595 4159 700 4224 statim
721 4180 795 4223 eum
816 4156 980 4246 Crispinus
1007 4156 1123 4243 dicitur
1149 4157 1206 4223 111τὲ
