<?xml version="1.0" encoding="UTF-8"?>
<!DOCTYPE html PUBLIC "-//W3C//DTD XHTML 1.0 Transitional//EN"
    "http://www.w3.org/TR/xhtml1/DTD/xhtml1-transitional.dtd">
<html xmlns="http://www.w3.org/1999/xhtml" xml:lang="en" lang="en">
 <head>
  <title>
</title>
<meta http-equiv="Content-Type" content="text/html;charset=utf-8" />
  <meta name='ocr-system' content='tesseract 3.04.00' />
  <meta name='ocr-capabilities' content='ocr_page ocr_carea ocr_par ocr_line ocrx_word'/>
</head>
<body>
  <div class='ocr_page' id='page_1' title='image "./coniectaneainqh00apitgoog_0106.png"; bbox 0 0 2678 4642; ppageno 0'>
   <div class='ocr_carea' id='block_1_1' title="bbox 355 218 1204 284">
    <p class='ocr_par' dir='ltr' id='par_1_1' title="bbox 355 218 1204 284">
     <span class='ocr_line' id='line_1_1' title="bbox 355 218 1204 284; baseline 0.005 -4"><span class='ocrx_word' id='word_1_1' title='bbox 355 231 391 280; x_wconf 84' lang='lat' dir='ltr'><strong>ru</strong></span> <span class='ocrx_word' id='word_1_2' title='bbox 412 230 603 280; x_wconf 64' lang='lat' dir='ltr'><strong>susumus</strong></span> <span class='ocrx_word' id='word_1_3' title='bbox 624 230 753 281; x_wconf 76' lang='lat' dir='ltr'><strong>ansus</strong></span> <span class='ocrx_word' id='word_1_4' title='bbox 774 229 959 279; x_wconf 82' lang='lat' dir='ltr'><strong>sncuuuuu</strong></span> <span class='ocrx_word' id='word_1_5' title='bbox 1163 218 1204 284; x_wconf 85' lang='grc'><strong>99</strong></span> 
     </span>
    </p>
   </div>
   <div class='ocr_carea' id='block_1_2' title="bbox 111 391 1303 786">
    <p class='ocr_par' dir='ltr' id='par_1_2' title="bbox 112 391 1203 485">
     <span class='ocr_line' id='line_1_2' title="bbox 112 391 1203 485; baseline 0.003 -21"><span class='ocrx_word' id='word_1_6' title='bbox 112 396 177 464; x_wconf 85' lang='lat' dir='ltr'><strong>hoo</strong></span> <span class='ocrx_word' id='word_1_7' title='bbox 199 392 321 463; x_wconf 70' lang='lat' dir='ltr'><strong>excidit</strong></span> <span class='ocrx_word' id='word_1_8' title='bbox 340 397 429 463; x_wconf 89' lang='lat' dir='ltr'><strong>aliud</strong></span> <span class='ocrx_word' id='word_1_9' title='bbox 450 397 568 484; x_wconf 82' lang='lat' dir='ltr'><strong>egenti,</strong></span> <span class='ocrx_word' id='word_1_10' title='bbox 590 397 708 463; x_wconf 81' lang='lat' dir='ltr'><strong>etenim</strong></span> <span class='ocrx_word' id='word_1_11' title='bbox 728 406 801 485; x_wconf 90' lang='lat' dir='ltr'><strong>post</strong></span> <span class='ocrx_word' id='word_1_12' title='bbox 813 391 901 463; x_wconf 82' lang='lat' dir='ltr'><strong>illurn</strong></span> <span class='ocrx_word' id='word_1_13' title='bbox 916 419 1034 462; x_wconf 92' lang='lat' dir='ltr'><strong>annum</strong></span> <span class='ocrx_word' id='word_1_14' title='bbox 1049 397 1203 467; x_wconf 78' lang='lat' dir='ltr'><strong>Horatius</strong></span> 
     </span>
    </p>

    <p class='ocr_par' dir='ltr' id='par_1_3' title="bbox 111 496 1303 588">
     <span class='ocr_line' id='line_1_3' title="bbox 111 496 1303 588; baseline -0.004 -25"><span class='ocrx_word' id='word_1_15' title='bbox 111 520 229 564; x_wconf 86' lang='lat' dir='ltr'><strong>nomen</strong></span> <span class='ocrx_word' id='word_1_16' title='bbox 251 497 401 564; x_wconf 77' lang='lat' dir='ltr'>Caesaris</span> <span class='ocrx_word' id='word_1_17' title='bbox 426 519 492 561; x_wconf 91' lang='lat' dir='ltr'><strong>non</strong></span> <span class='ocrx_word' id='word_1_18' title='bbox 522 496 618 562; x_wconf 89' lang='lat' dir='ltr'><strong>modo</strong></span> <span class='ocrx_word' id='word_1_19' title='bbox 650 518 715 561; x_wconf 92' lang='lat' dir='ltr'><strong>non</strong></span> <span class='ocrx_word' id='word_1_20' title='bbox 746 498 880 581; x_wconf 87' lang='lat' dir='ltr'><strong>abiecit,</strong></span> <span class='ocrx_word' id='word_1_21' title='bbox 912 497 971 562; x_wconf 90' lang='lat' dir='ltr'><strong>sed</strong></span> <span class='ocrx_word' id='word_1_22' title='bbox 1003 499 1099 564; x_wconf 88' lang='lat' dir='ltr'><strong>etiam</strong></span> <span class='ocrx_word' id='word_1_23' title='bbox 1130 501 1202 588; x_wconf 91' lang='lat' dir='ltr'><strong>plus</strong></span> <span class='ocrx_word' id='word_1_24' title='bbox 1300 550 1303 558; x_wconf 90' lang='lat'><strong>.</strong></span> 
     </span>
    </p>

    <p class='ocr_par' dir='ltr' id='par_1_4' title="bbox 113 596 1297 786">
     <span class='ocr_line' id='line_1_4' title="bbox 113 596 1297 684; baseline -0.008 -21"><span class='ocrx_word' id='word_1_25' title='bbox 113 620 210 684; x_wconf 89' lang='lat' dir='ltr'><strong>quam</strong></span> <span class='ocrx_word' id='word_1_26' title='bbox 229 619 347 662; x_wconf 89' lang='lat' dir='ltr'><strong>nomen</strong></span> <span class='ocrx_word' id='word_1_27' title='bbox 366 596 505 684; x_wconf 83' lang='lat' dir='ltr'><strong>Augusti</strong></span> <span class='ocrx_word' id='word_1_28' title='bbox 527 597 749 681; x_wconf 80' lang='lat' dir='ltr'><strong>frequentavit.</strong></span> <span class='ocrx_word' id='word_1_29' title='bbox 1293 645 1297 654; x_wconf 95' lang='lat'><strong>.</strong></span> 
     </span>
     <span class='ocr_line' id='line_1_5' title="bbox 197 694 1202 786; baseline 0.002 -23"><span class='ocrx_word' id='word_1_30' title='bbox 197 697 239 764; x_wconf 90' lang='lat' dir='ltr'><strong>V.</strong></span> <span class='ocrx_word' id='word_1_31' title='bbox 263 699 291 761; x_wconf 86' lang='lat' dir='ltr'><strong>l.</strong></span> <span class='ocrx_word' id='word_1_32' title='bbox 313 696 414 761; x_wconf 87' lang='lat' dir='ltr'><strong>altera</strong></span> <span class='ocrx_word' id='word_1_33' title='bbox 446 694 528 762; x_wconf 77' lang='lat' dir='ltr'><strong>cdd.</strong></span> <span class='ocrx_word' id='word_1_34' title='bbox 557 718 632 783; x_wconf 89' lang='lat' dir='ltr'><strong>pars</strong></span> <span class='ocrx_word' id='word_1_35' title='bbox 663 696 781 780; x_wconf 81' lang='lat' dir='ltr'><strong>videor,</strong></span> <span class='ocrx_word' id='word_1_36' title='bbox 813 695 915 761; x_wconf 88' lang='lat' dir='ltr'><strong>altera</strong></span> <span class='ocrx_word' id='word_1_37' title='bbox 945 697 1057 764; x_wconf 81' lang='lat' dir='ltr'><strong>os’deer</strong></span> <span class='ocrx_word' id='word_1_38' title='bbox 1087 706 1202 786; x_wconf 89' lang='lat' dir='ltr'><strong>tuetur,</strong></span> 
     </span>
    </p>
   </div>
   <div class='ocr_carea' id='block_1_3' title="bbox 112 796 1211 3468">
    <p class='ocr_par' dir='ltr' id='par_1_5' title="bbox 112 796 1211 2973">
     <span class='ocr_line' id='line_1_6' title="bbox 114 796 1203 886; baseline 0.003 -24"><span class='ocrx_word' id='word_1_39' title='bbox 114 820 197 885; x_wconf 88' lang='lat' dir='ltr'><strong>quae</strong></span> <span class='ocrx_word' id='word_1_40' title='bbox 218 797 363 862; x_wconf 89' lang='lat' dir='ltr'><strong>lectionis</strong></span> <span class='ocrx_word' id='word_1_41' title='bbox 391 796 530 861; x_wconf 87' lang='lat' dir='ltr'><strong>varietas</strong></span> <span class='ocrx_word' id='word_1_42' title='bbox 559 797 743 882; x_wconf 83' lang='lat' dir='ltr'><strong>frequentor</strong></span> <span class='ocrx_word' id='word_1_43' title='bbox 768 797 942 882; x_wconf 88' lang='lat' dir='ltr'><strong>reperitur,</strong></span> <span class='ocrx_word' id='word_1_44' title='bbox 972 820 1000 863; x_wconf 90' lang='lat' dir='ltr'><strong>e.</strong></span> <span class='ocrx_word' id='word_1_45' title='bbox 1030 821 1058 863; x_wconf 89' lang='lat' dir='ltr'><strong>c.</strong></span> <span class='ocrx_word' id='word_1_46' title='bbox 1086 798 1153 864; x_wconf 87' lang='lat' dir='ltr'><strong>Sat.</strong></span> <span class='ocrx_word' id='word_1_47' title='bbox 1175 800 1203 886; x_wconf 93' lang='lat' dir='ltr'><strong>I,</strong></span> 
     </span>
     <span class='ocr_line' id='line_1_7' title="bbox 113 895 1203 982; baseline 0.004 -20"><span class='ocrx_word' id='word_1_48' title='bbox 113 899 143 981; x_wconf 82' lang='lat'><strong>2,</strong></span> <span class='ocrx_word' id='word_1_49' title='bbox 169 898 221 962; x_wconf 83' lang='lat'><strong>28.</strong></span> <span class='ocrx_word' id='word_1_50' title='bbox 248 897 275 980; x_wconf 94' lang='lat' dir='ltr'><strong>I,</strong></span> <span class='ocrx_word' id='word_1_51' title='bbox 301 895 331 980; x_wconf 88' lang='lat'><strong>4,</strong></span> <span class='ocrx_word' id='word_1_52' title='bbox 360 896 409 961; x_wconf 86' lang='grc'><strong>75.</strong></span> <span class='ocrx_word' id='word_1_53' title='bbox 438 895 464 979; x_wconf 92' lang='grc' dir='ltr'>Ι,</span> <span class='ocrx_word' id='word_1_54' title='bbox 494 897 524 979; x_wconf 86' lang='grc'>6,</span> <span class='ocrx_word' id='word_1_55' title='bbox 550 895 581 960; x_wconf 88' lang='lat'><strong>4.</strong></span> <span class='ocrx_word' id='word_1_56' title='bbox 604 895 707 982; x_wconf 79' lang='lat' dir='ltr'><strong>Epist.</strong></span> <span class='ocrx_word' id='word_1_57' title='bbox 734 896 761 978; x_wconf 89' lang='lat' dir='ltr'><strong>I,</strong></span> <span class='ocrx_word' id='word_1_58' title='bbox 783 896 813 979; x_wconf 83' lang='grc'>6,</span> <span class='ocrx_word' id='word_1_59' title='bbox 835 895 865 961; x_wconf 88' lang='grc'><strong>5.</strong></span> <span class='ocrx_word' id='word_1_60' title='bbox 892 897 935 981; x_wconf 92' lang='grc' dir='ltr'>Π,</span> <span class='ocrx_word' id='word_1_61' title='bbox 962 898 991 981; x_wconf 83' lang='grc'>2,</span> <span class='ocrx_word' id='word_1_62' title='bbox 1019 898 1090 963; x_wconf 78' lang='lat'><strong>182.</strong></span> <span class='ocrx_word' id='word_1_63' title='bbox 1132 900 1203 966; x_wconf 90' lang='lat' dir='ltr'><strong>Nec</strong></span> 
     </span>
     <span class='ocr_line' id='line_1_8' title="bbox 113 994 1204 1082; baseline 0.003 -20"><span class='ocrx_word' id='word_1_64' title='bbox 113 996 208 1062; x_wconf 83' lang='lat' dir='ltr'><strong>facile</strong></span> <span class='ocrx_word' id='word_1_65' title='bbox 237 1018 365 1082; x_wconf 80' lang='lat' dir='ltr'><strong>semper</strong></span> <span class='ocrx_word' id='word_1_66' title='bbox 393 994 561 1080; x_wconf 87' lang='lat' dir='ltr'><strong>diiudioes,</strong></span> <span class='ocrx_word' id='word_1_67' title='bbox 592 1016 669 1059; x_wconf 91' lang='lat' dir='ltr'><strong>num</strong></span> <span class='ocrx_word' id='word_1_68' title='bbox 695 995 887 1060; x_wconf 82' lang='lat' dir='ltr'><strong>indicativus</strong></span> <span class='ocrx_word' id='word_1_69' title='bbox 914 1017 956 1060; x_wconf 88' lang='lat' dir='ltr'><strong>an</strong></span> <span class='ocrx_word' id='word_1_70' title='bbox 984 999 1204 1066; x_wconf 90' lang='lat' dir='ltr'><strong>coniunctivus</strong></span> 
     </span>
     <span class='ocr_line' id='line_1_9' title="bbox 114 1094 1204 1182; baseline 0.005 -22"><span class='ocrx_word' id='word_1_71' title='bbox 114 1097 258 1160; x_wconf 89' lang='lat' dir='ltr'><strong>sincerus</strong></span> <span class='ocrx_word' id='word_1_72' title='bbox 290 1097 340 1178; x_wconf 88' lang='lat' dir='ltr'><strong>sit,</strong></span> <span class='ocrx_word' id='word_1_73' title='bbox 372 1116 470 1180; x_wconf 89' lang='lat' dir='ltr'><strong>quum</strong></span> <span class='ocrx_word' id='word_1_74' title='bbox 500 1105 634 1182; x_wconf 90' lang='lat' dir='ltr'><strong>uterque</strong></span> <span class='ocrx_word' id='word_1_75' title='bbox 664 1094 778 1159; x_wconf 91' lang='lat' dir='ltr'><strong>modus</strong></span> <span class='ocrx_word' id='word_1_76' title='bbox 802 1094 899 1181; x_wconf 90' lang='lat' dir='ltr'><strong>plane</strong></span> <span class='ocrx_word' id='word_1_77' title='bbox 926 1095 1014 1160; x_wconf 91' lang='lat' dir='ltr'><strong>idem</strong></span> <span class='ocrx_word' id='word_1_78' title='bbox 1035 1096 1204 1165; x_wconf 87' lang='lat' dir='ltr'><strong>declarare</strong></span> 
     </span>
     <span class='ocr_line' id='line_1_10' title="bbox 113 1193 1206 1285; baseline 0.004 -25"><span class='ocrx_word' id='word_1_79' title='bbox 113 1194 271 1279; x_wconf 88' lang='lat' dir='ltr'><strong>videatur,</strong></span> <span class='ocrx_word' id='word_1_80' title='bbox 291 1194 379 1260; x_wconf 88' lang='lat' dir='ltr'><strong>velut</strong></span> <span class='ocrx_word' id='word_1_81' title='bbox 399 1193 504 1281; x_wconf 86' lang='lat' dir='ltr'><strong>Epist.</strong></span> <span class='ocrx_word' id='word_1_82' title='bbox 526 1195 570 1280; x_wconf 91' lang='grc' dir='ltr'>Π,</span> <span class='ocrx_word' id='word_1_83' title='bbox 592 1195 621 1278; x_wconf 84' lang='grc'>2,</span> <span class='ocrx_word' id='word_1_84' title='bbox 645 1195 714 1259; x_wconf 82' lang='grc'><strong>128.</strong></span> <span class='ocrx_word' id='word_1_85' title='bbox 738 1216 807 1281; x_wconf 90' lang='lat' dir='ltr'><strong>sqq.</strong></span> <span class='ocrx_word' id='word_1_86' title='bbox 843 1195 921 1259; x_wconf 80' lang='lat' dir='ltr'><strong>Fuit</strong></span> <span class='ocrx_word' id='word_1_87' title='bbox 947 1196 1036 1261; x_wconf 77' lang='lat' dir='ltr'><strong>haud</strong></span> <span class='ocrx_word' id='word_1_88' title='bbox 1058 1198 1206 1285; x_wconf 78' lang='lat' dir='ltr'><strong>s&#39;quobr&#39;lis</strong></span> 
     </span>
     <span class='ocr_line' id='line_1_11' title="bbox 112 1293 1205 1382; baseline 0.005 -24"><span class='ocrx_word' id='word_1_89' title='bbox 112 1293 221 1381; x_wconf 71' lang='lat' dir='ltr'><strong>Arpis,</strong></span> <span class='ocrx_word' id='word_1_90' title='bbox 244 1295 301 1380; x_wconf 82' lang='lat' dir='ltr'><strong>qui</strong></span> <span class='ocrx_word' id='word_1_91' title='bbox 318 1317 350 1359; x_wconf 89' lang='lat' dir='ltr'><strong>se</strong></span> <span class='ocrx_word' id='word_1_92' title='bbox 372 1294 516 1359; x_wconf 79' lang='lat' dir='ltr'><strong>credebat</strong></span> <span class='ocrx_word' id='word_1_93' title='bbox 536 1295 632 1360; x_wconf 81' lang='lat' dir='ltr'><strong>miros</strong></span> <span class='ocrx_word' id='word_1_94' title='bbox 653 1294 766 1359; x_wconf 81' lang='lat' dir='ltr'><strong>audr&#39;re</strong></span> <span class='ocrx_word' id='word_1_95' title='bbox 786 1294 951 1382; x_wconf 76' lang='lat' dir='ltr'><strong>treqoedos</strong></span> <span class='ocrx_word' id='word_1_96' title='bbox 971 1297 1007 1360; x_wconf 83' lang='lat' dir='ltr'><strong>r‘u</strong></span> <span class='ocrx_word' id='word_1_97' title='bbox 1026 1320 1123 1362; x_wconf 85' lang='lat' dir='ltr'><strong>uacuo</strong></span> <span class='ocrx_word' id='word_1_98' title='bbox 1144 1300 1205 1364; x_wconf 88' lang='lat' dir='ltr'><strong>lae·</strong></span> 
     </span>
     <span class='ocr_line' id='line_1_12' title="bbox 113 1394 1205 1481; baseline 0.005 -23"><span class='ocrx_word' id='word_1_99' title='bbox 113 1407 164 1458; x_wconf 84' lang='lat' dir='ltr'><strong>tus</strong></span> <span class='ocrx_word' id='word_1_100' title='bbox 184 1417 286 1458; x_wconf 81' lang='lat' dir='ltr'><strong>sessor</strong></span> <span class='ocrx_word' id='word_1_101' title='bbox 303 1394 492 1481; x_wconf 77' lang='lat' dir='ltr'><strong>plausorque</strong></span> <span class='ocrx_word' id='word_1_102' title='bbox 514 1394 641 1475; x_wconf 74' lang='lat' dir='ltr'><strong>theatro,</strong></span> <span class='ocrx_word' id='word_1_103' title='bbox 670 1407 770 1459; x_wconf 84' lang='lat' dir='ltr'><strong>cetero</strong></span> <span class='ocrx_word' id='word_1_104' title='bbox 791 1395 849 1480; x_wconf 80' lang='lat' dir='ltr'><strong>qui</strong></span> <span class='ocrx_word' id='word_1_105' title='bbox 869 1395 952 1458; x_wconf 84' lang='lat' dir='ltr'><strong>uitae</strong></span> <span class='ocrx_word' id='word_1_106' title='bbox 977 1410 1116 1461; x_wconf 84' lang='lat' dir='ltr'><strong>servaret</strong></span> <span class='ocrx_word' id='word_1_107' title='bbox 1140 1422 1205 1464; x_wconf 78' lang='lat' dir='ltr'><strong>mu</strong></span> 
     </span>
     <span class='ocr_line' id='line_1_13' title="bbox 112 1493 1205 1581; baseline 0.005 -24"><span class='ocrx_word' id='word_1_108' title='bbox 112 1494 169 1557; x_wconf 79' lang='lat' dir='ltr'><strong>aia</strong></span> <span class='ocrx_word' id='word_1_109' title='bbox 188 1506 271 1558; x_wconf 80' lang='lat' dir='ltr'><strong>recto</strong></span> <span class='ocrx_word' id='word_1_110' title='bbox 293 1515 391 1576; x_wconf 81' lang='lat' dir='ltr'><strong>ruore,</strong></span> <span class='ocrx_word' id='word_1_111' title='bbox 420 1493 517 1558; x_wconf 84' lang='lat' dir='ltr'><strong>bouus</strong></span> <span class='ocrx_word' id='word_1_112' title='bbox 537 1517 612 1559; x_wconf 83' lang='lat' dir='ltr'><strong>seue</strong></span> <span class='ocrx_word' id='word_1_113' title='bbox 632 1493 769 1575; x_wconf 73' lang='lat' dir='ltr'><strong>uicturus,</strong></span> <span class='ocrx_word' id='word_1_114' title='bbox 793 1493 939 1559; x_wconf 78' lang='lat' dir='ltr'><strong>amabilis</strong></span> <span class='ocrx_word' id='word_1_115' title='bbox 959 1494 1084 1581; x_wconf 83' lang='lat' dir='ltr'><strong>lsospes,</strong></span> <span class='ocrx_word' id='word_1_116' title='bbox 1108 1499 1205 1563; x_wconf 73' lang='lat' dir='ltr'><strong>eomes</strong></span> 
     </span>
     <span class='ocr_line' id='line_1_14' title="bbox 113 1593 1205 1681; baseline 0.007 -25"><span class='ocrx_word' id='word_1_117' title='bbox 113 1593 149 1656; x_wconf 83' lang='lat' dir='ltr'><strong>iu</strong></span> <span class='ocrx_word' id='word_1_118' title='bbox 168 1615 306 1676; x_wconf 78' lang='lat' dir='ltr'><strong>uxorem,</strong></span> <span class='ocrx_word' id='word_1_119' title='bbox 320 1605 430 1678; x_wconf 80' lang='lat' dir='ltr'><strong>posset</strong></span> <span class='ocrx_word' id='word_1_120' title='bbox 454 1594 512 1679; x_wconf 82' lang='lat' dir='ltr'><strong>qui</strong></span> <span class='ocrx_word' id='word_1_121' title='bbox 535 1593 693 1680; x_wconf 75' lang='lat' dir='ltr'><strong>iquosccre</strong></span> <span class='ocrx_word' id='word_1_122' title='bbox 718 1594 816 1657; x_wconf 82' lang='lat' dir='ltr'><strong>seruis</strong></span> <span class='ocrx_word' id='word_1_123' title='bbox 848 1605 876 1657; x_wconf 90' lang='lat' dir='ltr'><strong>et</strong></span> <span class='ocrx_word' id='word_1_124' title='bbox 906 1594 996 1681; x_wconf 79' lang='lat' dir='ltr'><strong>siquo</strong></span> <span class='ocrx_word' id='word_1_125' title='bbox 1027 1595 1110 1661; x_wconf 62' lang='lat' dir='ltr'><strong>&amp;seso</strong></span> <span class='ocrx_word' id='word_1_126' title='bbox 1141 1621 1205 1664; x_wconf 86' lang='lat' dir='ltr'><strong>uors</strong></span> 
     </span>
     <span class='ocr_line' id='line_1_15' title="bbox 114 1692 1206 1782; baseline 0.007 -27"><span class='ocrx_word' id='word_1_127' title='bbox 114 1693 255 1757; x_wconf 81' lang='lat' dir='ltr'><strong>iusum‘re</strong></span> <span class='ocrx_word' id='word_1_128' title='bbox 275 1692 412 1779; x_wconf 77' lang='lat' dir='ltr'><strong>laqeuae,</strong></span> <span class='ocrx_word' id='word_1_129' title='bbox 436 1705 544 1779; x_wconf 81' lang='lat' dir='ltr'><strong>posset</strong></span> <span class='ocrx_word' id='word_1_130' title='bbox 563 1693 622 1778; x_wconf 79' lang='lat' dir='ltr'><strong>qui</strong></span> <span class='ocrx_word' id='word_1_131' title='bbox 637 1714 745 1777; x_wconf 81' lang='lat' dir='ltr'><strong>rupem</strong></span> <span class='ocrx_word' id='word_1_132' title='bbox 766 1703 795 1756; x_wconf 88' lang='lat' dir='ltr'><strong>et</strong></span> <span class='ocrx_word' id='word_1_133' title='bbox 818 1705 946 1778; x_wconf 83' lang='lat' dir='ltr'><strong>puteum</strong></span> <span class='ocrx_word' id='word_1_134' title='bbox 971 1695 1071 1759; x_wconf 79' lang='lat' dir='ltr'><strong>citare</strong></span> <span class='ocrx_word' id='word_1_135' title='bbox 1091 1710 1206 1782; x_wconf 70' lang='lat' dir='ltr'><strong>putero</strong></span> 
     </span>
     <span class='ocr_line' id='line_1_16' title="bbox 114 1790 1205 1882; baseline 0.007 -27"><span class='ocrx_word' id='word_1_136' title='bbox 114 1803 183 1856; x_wconf 86' lang='lat' dir='ltr'><strong>tera.</strong></span> <span class='ocrx_word' id='word_1_137' title='bbox 215 1791 341 1878; x_wconf 87' lang='lat' dir='ltr'>Nempe</span> <span class='ocrx_word' id='word_1_138' title='bbox 362 1791 499 1857; x_wconf 84' lang='lat' dir='ltr'><strong>formula</strong></span> <span class='ocrx_word' id='word_1_139' title='bbox 519 1804 564 1856; x_wconf 87' lang='lat' dir='ltr'><strong>est</strong></span> <span class='ocrx_word' id='word_1_140' title='bbox 584 1790 637 1857; x_wconf 88' lang='lat' dir='ltr'><strong>vel</strong></span> <span class='ocrx_word' id='word_1_141' title='bbox 663 1804 747 1874; x_wconf 74' lang='lat' dir='ltr'><strong>urat,</strong></span> <span class='ocrx_word' id='word_1_142' title='bbox 780 1793 838 1878; x_wconf 79' lang='lat' dir='ltr'><strong>qui</strong></span> <span class='ocrx_word' id='word_1_143' title='bbox 864 1791 984 1878; x_wconf 87' lang='lat' dir='ltr'><strong>ubique</strong></span> <span class='ocrx_word' id='word_1_144' title='bbox 1017 1802 1071 1858; x_wconf 92' lang='lat' dir='ltr'><strong>aut</strong></span> <span class='ocrx_word' id='word_1_145' title='bbox 1102 1818 1205 1882; x_wconf 85' lang='lat' dir='ltr'><strong>genus</strong></span> 
     </span>
     <span class='ocr_line' id='line_1_17' title="bbox 114 1888 1205 1983; baseline 0.005 -28"><span class='ocrx_word' id='word_1_146' title='bbox 114 1899 170 1955; x_wconf 86' lang='lat' dir='ltr'><strong>aut</strong></span> <span class='ocrx_word' id='word_1_147' title='bbox 189 1891 332 1977; x_wconf 88' lang='lat' dir='ltr'><strong>speeiem</strong></span> <span class='ocrx_word' id='word_1_148' title='bbox 354 1890 510 1976; x_wconf 85' lang='lat' dir='ltr'><strong>designat,</strong></span> <span class='ocrx_word' id='word_1_149' title='bbox 532 1912 633 1977; x_wconf 87' lang='lat' dir='ltr'><strong>quare</strong></span> <span class='ocrx_word' id='word_1_150' title='bbox 654 1891 697 1972; x_wconf 82' lang='lat' dir='ltr'><strong>s’s,</strong></span> <span class='ocrx_word' id='word_1_151' title='bbox 724 1890 790 1974; x_wconf 80' lang='lat' dir='ltr'><strong>ille,</strong></span> <span class='ocrx_word' id='word_1_152' title='bbox 813 1890 885 1955; x_wconf 73' lang='lat' dir='ltr'><strong>tales</strong></span> <span class='ocrx_word' id='word_1_153' title='bbox 912 1888 1205 1983; x_wconf 73' lang='lat' dir='ltr'><strong>similiaque&#39;eogi·</strong></span> 
     </span>
     <span class='ocr_line' id='line_1_18' title="bbox 115 1987 1204 2082; baseline 0.007 -29"><span class='ocrx_word' id='word_1_154' title='bbox 115 1990 236 2054; x_wconf 87' lang='lat' dir='ltr'><strong>tatione</strong></span> <span class='ocrx_word' id='word_1_155' title='bbox 257 1990 464 2077; x_wconf 86' lang='lat' dir='ltr'><strong>suggerenda</strong></span> <span class='ocrx_word' id='word_1_156' title='bbox 484 1998 565 2055; x_wconf 88' lang='lat' dir='ltr'><strong>sunt.</strong></span> <span class='ocrx_word' id='word_1_157' title='bbox 607 1989 685 2054; x_wconf 85' lang='lat' dir='ltr'><strong>Post</strong></span> <span class='ocrx_word' id='word_1_158' title='bbox 704 1987 786 2054; x_wconf 89' lang='lat' dir='ltr'><strong>haee</strong></span> <span class='ocrx_word' id='word_1_159' title='bbox 806 2010 886 2055; x_wconf 86' lang='lat' dir='ltr'><strong>vero</strong></span> <span class='ocrx_word' id='word_1_160' title='bbox 907 1991 1069 2058; x_wconf 86' lang='lat' dir='ltr'><strong>vocabula</strong></span> <span class='ocrx_word' id='word_1_161' title='bbox 1089 2017 1204 2082; x_wconf 90' lang='lat' dir='ltr'><strong>prono·</strong></span> 
     </span>
     <span class='ocr_line' id='line_1_19' title="bbox 115 2088 1206 2176; baseline 0.007 -23"><span class='ocrx_word' id='word_1_162' title='bbox 115 2111 192 2154; x_wconf 91' lang='lat' dir='ltr'><strong>men</strong></span> <span class='ocrx_word' id='word_1_163' title='bbox 213 2090 270 2176; x_wconf 83' lang='lat' dir='ltr'><strong>qui</strong></span> <span class='ocrx_word' id='word_1_164' title='bbox 293 2088 391 2154; x_wconf 90' lang='lat' dir='ltr'><strong>multo</strong></span> <span class='ocrx_word' id='word_1_165' title='bbox 424 2088 569 2154; x_wconf 87' lang='lat' dir='ltr'><strong>crebrius</strong></span> <span class='ocrx_word' id='word_1_166' title='bbox 601 2088 837 2154; x_wconf 86' lang='lat' dir='ltr'><strong>coniunctivum</strong></span> <span class='ocrx_word' id='word_1_167' title='bbox 868 2110 965 2176; x_wconf 89' lang='lat' dir='ltr'><strong>quam</strong></span> <span class='ocrx_word' id='word_1_168' title='bbox 996 2091 1206 2162; x_wconf 82' lang='lat' dir='ltr'><strong>indicativum</strong></span> 
     </span>
     <span class='ocr_line' id='line_1_20' title="bbox 114 2186 1211 2283; baseline 0.009 -31"><span class='ocrx_word' id='word_1_169' title='bbox 114 2187 281 2272; x_wconf 82' lang='lat' dir='ltr'><strong>adsciscit,</strong></span> <span class='ocrx_word' id='word_1_170' title='bbox 312 2188 398 2254; x_wconf 90' lang='lat' dir='ltr'><strong>unde</strong></span> <span class='ocrx_word' id='word_1_171' title='bbox 424 2189 553 2272; x_wconf 86' lang='lat' dir='ltr'><strong>fastum,</strong></span> <span class='ocrx_word' id='word_1_172' title='bbox 584 2196 619 2253; x_wconf 89' lang='lat' dir='ltr'><strong>ut</strong></span> <span class='ocrx_word' id='word_1_173' title='bbox 645 2186 779 2274; x_wconf 84' lang='lat' dir='ltr'><strong>perinde</strong></span> <span class='ocrx_word' id='word_1_174' title='bbox 805 2197 877 2274; x_wconf 91' lang='lat' dir='ltr'><strong>post</strong></span> <span class='ocrx_word' id='word_1_175' title='bbox 904 2203 949 2255; x_wconf 89' lang='lat' dir='ltr'><strong>est</strong></span> <span class='ocrx_word' id='word_1_176' title='bbox 969 2191 1022 2256; x_wconf 90' lang='lat' dir='ltr'><strong>vel</strong></span> <span class='ocrx_word' id='word_1_177' title='bbox 1043 2207 1130 2278; x_wconf 87' lang='lat' dir='ltr'><strong>suut,</strong></span> <span class='ocrx_word' id='word_1_178' title='bbox 1152 2196 1211 2283; x_wconf 81' lang='lat' dir='ltr'><strong>qui</strong></span> 
     </span>
     <span class='ocr_line' id='line_1_21' title="bbox 115 2287 1206 2377; baseline 0.005 -23"><span class='ocrx_word' id='word_1_179' title='bbox 115 2287 213 2376; x_wconf 88' lang='lat' dir='ltr'><strong>longe</strong></span> <span class='ocrx_word' id='word_1_180' title='bbox 235 2288 363 2376; x_wconf 89' lang='lat' dir='ltr'><strong>saepius</strong></span> <span class='ocrx_word' id='word_1_181' title='bbox 375 2288 595 2354; x_wconf 84' lang='lat' dir='ltr'><strong>coniunctivus</strong></span> <span class='ocrx_word' id='word_1_182' title='bbox 610 2309 705 2374; x_wconf 92' lang='lat' dir='ltr'><strong>quam</strong></span> <span class='ocrx_word' id='word_1_183' title='bbox 719 2287 911 2354; x_wconf 85' lang='lat' dir='ltr'><strong>indicativus</strong></span> <span class='ocrx_word' id='word_1_184' title='bbox 925 2300 1106 2377; x_wconf 82' lang='lat' dir='ltr'><strong>poneretur,</strong></span> <span class='ocrx_word' id='word_1_185' title='bbox 1120 2294 1206 2360; x_wconf 91' lang='lat' dir='ltr'><strong>nullo</strong></span> 
     </span>
     <span class='ocr_line' id='line_1_22' title="bbox 117 2387 1206 2475; baseline 0.006 -22"><span class='ocrx_word' id='word_1_186' title='bbox 117 2389 302 2455; x_wconf 85' lang='lat' dir='ltr'><strong>discrimine</strong></span> <span class='ocrx_word' id='word_1_187' title='bbox 329 2387 571 2475; x_wconf 83' lang='lat' dir='ltr'><strong>significationis</strong></span> <span class='ocrx_word' id='word_1_188' title='bbox 599 2387 827 2453; x_wconf 88' lang='lat' dir='ltr'><strong>intercedente.</strong></span> <span class='ocrx_word' id='word_1_189' title='bbox 874 2388 1026 2455; x_wconf 89' lang='lat' dir='ltr'><strong>Attamen</strong></span> <span class='ocrx_word' id='word_1_190' title='bbox 1052 2391 1206 2462; x_wconf 88' lang='lat' dir='ltr'><strong>Horatius</strong></span> 
     </span>
     <span class='ocr_line' id='line_1_23' title="bbox 114 2487 1206 2580; baseline 0.007 -28"><span class='ocrx_word' id='word_1_191' title='bbox 114 2488 323 2555; x_wconf 90' lang='lat' dir='ltr'><strong>indicativum</strong></span> <span class='ocrx_word' id='word_1_192' title='bbox 342 2489 377 2553; x_wconf 92' lang='lat' dir='ltr'><strong>in</strong></span> <span class='ocrx_word' id='word_1_193' title='bbox 397 2487 459 2554; x_wconf 87' lang='lat' dir='ltr'><strong>hac</strong></span> <span class='ocrx_word' id='word_1_194' title='bbox 479 2487 617 2554; x_wconf 74' lang='lat' dir='ltr'><strong>formida</strong></span> <span class='ocrx_word' id='word_1_195' title='bbox 638 2488 839 2553; x_wconf 89' lang='lat' dir='ltr'><strong>coniunctivo</strong></span> <span class='ocrx_word' id='word_1_196' title='bbox 861 2487 1058 2576; x_wconf 85' lang='lat' dir='ltr'><strong>aliquantum</strong></span> <span class='ocrx_word' id='word_1_197' title='bbox 1078 2503 1206 2580; x_wconf 89' lang='lat' dir='ltr'><strong>praetu-</strong></span> 
     </span>
     <span class='ocr_line' id='line_1_24' title="bbox 114 2587 1206 2677; baseline 0.006 -24"><span class='ocrx_word' id='word_1_198' title='bbox 114 2587 191 2654; x_wconf 87' lang='lat' dir='ltr'><strong>lisse</strong></span> <span class='ocrx_word' id='word_1_199' title='bbox 212 2588 339 2655; x_wconf 88' lang='lat' dir='ltr'><strong>videtur</strong></span> <span class='ocrx_word' id='word_1_200' title='bbox 361 2587 435 2672; x_wconf 84' lang='lat' dir='ltr'><strong>(cfr.</strong></span> <span class='ocrx_word' id='word_1_201' title='bbox 458 2587 565 2654; x_wconf 85' lang='lat' dir='ltr'><strong>Oarm.</strong></span> <span class='ocrx_word' id='word_1_202' title='bbox 586 2587 614 2672; x_wconf 94' lang='grc' dir='ltr'><strong>Ι,</strong></span> <span class='ocrx_word' id='word_1_203' title='bbox 637 2592 665 2672; x_wconf 88' lang='grc'>1,</span> <span class='ocrx_word' id='word_1_204' title='bbox 687 2587 717 2652; x_wconf 90' lang='grc'><strong>3.</strong></span> <span class='ocrx_word' id='word_1_205' title='bbox 740 2609 810 2674; x_wconf 88' lang='lat' dir='ltr'><strong>sqq.</strong></span> <span class='ocrx_word' id='word_1_206' title='bbox 834 2589 884 2654; x_wconf 82' lang='lat'><strong>19.</strong></span> <span class='ocrx_word' id='word_1_207' title='bbox 907 2612 977 2677; x_wconf 90' lang='lat' dir='ltr'><strong>sqq.</strong></span> <span class='ocrx_word' id='word_1_208' title='bbox 998 2589 1026 2674; x_wconf 94' lang='grc' dir='ltr'><strong>Ι,</strong></span> <span class='ocrx_word' id='word_1_209' title='bbox 1042 2591 1070 2676; x_wconf 78' lang='grc'>7,</span> <span class='ocrx_word' id='word_1_210' title='bbox 1085 2593 1116 2658; x_wconf 90' lang='grc'><strong>5.</strong></span> <span class='ocrx_word' id='word_1_211' title='bbox 1138 2593 1206 2660; x_wconf 91' lang='lat' dir='ltr'><strong>Sat.</strong></span> 
     </span>
     <span class='ocr_line' id='line_1_25' title="bbox 115 2687 1206 2776; baseline 0.006 -24"><span class='ocrx_word' id='word_1_212' title='bbox 115 2687 143 2771; x_wconf 95' lang='grc' dir='ltr'><strong>Ι,</strong></span> <span class='ocrx_word' id='word_1_213' title='bbox 164 2688 195 2771; x_wconf 90' lang='grc'><strong>4,</strong></span> <span class='ocrx_word' id='word_1_214' title='bbox 215 2689 267 2753; x_wconf 82' lang='lat'><strong>24.</strong></span> <span class='ocrx_word' id='word_1_215' title='bbox 289 2689 334 2772; x_wconf 90' lang='lat' dir='ltr'><strong>H,</strong></span> <span class='ocrx_word' id='word_1_216' title='bbox 355 2689 385 2771; x_wconf 84' lang='lat'><strong>4,</strong></span> <span class='ocrx_word' id='word_1_217' title='bbox 407 2687 485 2772; x_wconf 77' lang='lat'><strong>47.),</strong></span> <span class='ocrx_word' id='word_1_218' title='bbox 507 2696 702 2776; x_wconf 89' lang='lat' dir='ltr'><strong>quapropter</strong></span> <span class='ocrx_word' id='word_1_219' title='bbox 721 2687 844 2770; x_wconf 79' lang='lat' dir='ltr'><strong>uidcor,</strong></span> <span class='ocrx_word' id='word_1_220' title='bbox 867 2711 964 2775; x_wconf 90' lang='lat' dir='ltr'><strong>quum</strong></span> <span class='ocrx_word' id='word_1_221' title='bbox 983 2691 1057 2776; x_wconf 84' lang='lat' dir='ltr'><strong>pari</strong></span> <span class='ocrx_word' id='word_1_222' title='bbox 1078 2695 1206 2759; x_wconf 92' lang='lat' dir='ltr'><strong>omnino</strong></span> 
     </span>
     <span class='ocr_line' id='line_1_26' title="bbox 116 2786 1208 2872; baseline 0.007 -21"><span class='ocrx_word' id='word_1_223' title='bbox 116 2786 213 2852; x_wconf 85' lang='lat' dir='ltr'><strong>MSS.</strong></span> <span class='ocrx_word' id='word_1_224' title='bbox 236 2788 421 2853; x_wconf 88' lang='lat' dir='ltr'><strong>auctoritate</strong></span> <span class='ocrx_word' id='word_1_225' title='bbox 449 2790 675 2854; x_wconf 90' lang='lat' dir='ltr'><strong>communitum</strong></span> <span class='ocrx_word' id='word_1_226' title='bbox 707 2788 748 2852; x_wconf 86' lang='lat' dir='ltr'><strong>sit</strong></span> <span class='ocrx_word' id='word_1_227' title='bbox 778 2809 817 2852; x_wconf 89' lang='lat' dir='ltr'><strong>ao</strong></span> <span class='ocrx_word' id='word_1_228' title='bbox 848 2787 972 2872; x_wconf 78' lang='lat' dir='ltr'><strong>uidear,</strong></span> <span class='ocrx_word' id='word_1_229' title='bbox 1005 2792 1208 2861; x_wconf 85' lang='lat' dir='ltr'><strong>coniunctivo</strong></span> 
     </span>
     <span class='ocr_line' id='line_1_27' title="bbox 115 2886 556 2973; baseline 0 -22"><span class='ocrx_word' id='word_1_230' title='bbox 115 2886 260 2951; x_wconf 89' lang='lat' dir='ltr'><strong>nonnihil</strong></span> <span class='ocrx_word' id='word_1_231' title='bbox 279 2886 477 2973; x_wconf 88' lang='lat' dir='ltr'><strong>probabilius</strong></span> <span class='ocrx_word' id='word_1_232' title='bbox 499 2895 556 2952; x_wconf 88' lang='lat' dir='ltr'><strong>est.</strong></span> 
     </span>
    </p>

    <p class='ocr_par' dir='ltr' id='par_1_6' title="bbox 115 2985 1208 3468">
     <span class='ocr_line' id='line_1_28' title="bbox 199 2985 1207 3078; baseline 0.007 -26"><span class='ocrx_word' id='word_1_233' title='bbox 199 2985 241 3052; x_wconf 93' lang='lat' dir='ltr'><strong>V.</strong></span> <span class='ocrx_word' id='word_1_234' title='bbox 263 2987 294 3050; x_wconf 82' lang='lat'><strong>2.</strong></span> <span class='ocrx_word' id='word_1_235' title='bbox 316 2985 488 3051; x_wconf 85' lang='lat' dir='ltr'><strong>nonnullas</strong></span> <span class='ocrx_word' id='word_1_236' title='bbox 508 2985 716 3052; x_wconf 89' lang='lat' dir='ltr'><strong>membranae</strong></span> <span class='ocrx_word' id='word_1_237' title='bbox 736 2985 894 3051; x_wconf 75' lang='lat' dir='ltr'><strong>intendere</strong></span> <span class='ocrx_word' id='word_1_238' title='bbox 915 2985 1050 3072; x_wconf 88' lang='lat' dir='ltr'><strong>habent,</strong></span> <span class='ocrx_word' id='word_1_239' title='bbox 1071 3012 1207 3078; x_wconf 88' lang='lat' dir='ltr'><strong>praepo·</strong></span> 
     </span>
     <span class='ocr_line' id='line_1_29' title="bbox 118 3084 1208 3177; baseline 0.009 -29"><span class='ocrx_word' id='word_1_240' title='bbox 118 3084 232 3150; x_wconf 86' lang='lat' dir='ltr'><strong>sitione</strong></span> <span class='ocrx_word' id='word_1_241' title='bbox 253 3087 287 3150; x_wconf 82' lang='lat' dir='ltr'><strong>iu</strong></span> <span class='ocrx_word' id='word_1_242' title='bbox 309 3108 352 3150; x_wconf 86' lang='lat' dir='ltr'><strong>ex</strong></span> <span class='ocrx_word' id='word_1_243' title='bbox 372 3084 587 3172; x_wconf 83' lang='lat' dir='ltr'><strong>praecedente</strong></span> <span class='ocrx_word' id='word_1_244' title='bbox 607 3084 712 3150; x_wconf 73' lang='lat' dir='ltr'><strong>litera</strong></span> <span class='ocrx_word' id='word_1_245' title='bbox 732 3111 764 3151; x_wconf 85' lang='lat' dir='ltr'><strong>ra</strong></span> <span class='ocrx_word' id='word_1_246' title='bbox 783 3093 952 3172; x_wconf 87' lang='lat' dir='ltr'><strong>prognata,</strong></span> <span class='ocrx_word' id='word_1_247' title='bbox 973 3096 1008 3151; x_wconf 92' lang='lat' dir='ltr'><strong>ut</strong></span> <span class='ocrx_word' id='word_1_248' title='bbox 1021 3091 1208 3177; x_wconf 88' lang='lat' dir='ltr'><strong>saepissime</strong></span> 
     </span>
     <span class='ocr_line' id='line_1_30' title="bbox 116 3183 1205 3273; baseline 0.008 -25"><span class='ocrx_word' id='word_1_249' title='bbox 116 3183 204 3250; x_wconf 90' lang='lat' dir='ltr'><strong>alibi.</strong></span> <span class='ocrx_word' id='word_1_250' title='bbox 246 3183 374 3250; x_wconf 85' lang='lat' dir='ltr'><strong>Iudicat</strong></span> <span class='ocrx_word' id='word_1_251' title='bbox 406 3205 482 3251; x_wconf 91' lang='lat' dir='ltr'><strong>vero</strong></span> <span class='ocrx_word' id='word_1_252' title='bbox 513 3185 598 3249; x_wconf 76' lang='lat' dir='ltr'><strong>ultro</strong></span> <span class='ocrx_word' id='word_1_253' title='bbox 627 3185 723 3273; x_wconf 62' lang='lat' dir='ltr'><strong>apem</strong></span> <span class='ocrx_word' id='word_1_254' title='bbox 754 3184 877 3250; x_wconf 79' lang='lat' dir='ltr'><strong>tendere</strong></span> <span class='ocrx_word' id='word_1_255' title='bbox 904 3209 982 3272; x_wconf 82' lang='lat' dir='ltr'><strong>opus</strong></span> <span class='ocrx_word' id='word_1_256' title='bbox 1007 3188 1205 3258; x_wconf 88' lang='lat' dir='ltr'><strong>solummodo</strong></span> 
     </span>
     <span class='ocr_line' id='line_1_31' title="bbox 116 3283 1206 3372; baseline 0.008 -24"><span class='ocrx_word' id='word_1_257' title='bbox 116 3283 200 3349; x_wconf 78' lang='lat' dir='ltr'><strong>ultra</strong></span> <span class='ocrx_word' id='word_1_258' title='bbox 213 3283 309 3372; x_wconf 70' lang='lat' dir='ltr'><strong>kqem</strong></span> <span class='ocrx_word' id='word_1_259' title='bbox 322 3307 413 3350; x_wconf 86' lang='lat' dir='ltr'><strong>suam</strong></span> <span class='ocrx_word' id='word_1_260' title='bbox 427 3283 551 3350; x_wconf 73' lang='lat' dir='ltr'><strong>crudus</strong></span> <span class='ocrx_word' id='word_1_261' title='bbox 569 3307 656 3371; x_wconf 79' lang='lat' dir='ltr'><strong>opus,</strong></span> <span class='ocrx_word' id='word_1_262' title='bbox 677 3286 700 3350; x_wconf 95' lang='lat' dir='ltr'><strong>i.</strong></span> <span class='ocrx_word' id='word_1_263' title='bbox 716 3306 745 3349; x_wconf 88' lang='lat' dir='ltr'><strong>e.</strong></span> <span class='ocrx_word' id='word_1_264' title='bbox 767 3285 884 3350; x_wconf 82' lang='lat' dir='ltr'><strong>satirae</strong></span> <span class='ocrx_word' id='word_1_265' title='bbox 904 3286 1028 3352; x_wconf 85' lang='lat' dir='ltr'><strong>modum</strong></span> <span class='ocrx_word' id='word_1_266' title='bbox 1049 3291 1206 3357; x_wconf 78' lang='lat' dir='ltr'><strong>excedere.</strong></span> 
     </span>
     <span class='ocr_line' id='line_1_32' title="bbox 115 3400 1058 3468; baseline 0.002 -16"><span class='ocrx_word' id='word_1_267' title='bbox 115 3400 147 3452; x_wconf 88' lang='lat' dir='ltr'><strong>V.</strong></span> <span class='ocrx_word' id='word_1_268' title='bbox 165 3403 189 3452; x_wconf 72' lang='grc' dir='ltr'><strong>Ι.</strong></span> <span class='ocrx_word' id='word_1_269' title='bbox 687 3416 778 3452; x_wconf 79' lang='lat' dir='ltr'><strong>verum</strong></span> <span class='ocrx_word' id='word_1_270' title='bbox 794 3417 896 3468; x_wconf 87' lang='lat' dir='ltr'><strong>nequeo</strong></span> <span class='ocrx_word' id='word_1_271' title='bbox 913 3403 1058 3455; x_wconf 85' lang='lat' dir='ltr'><strong>dormire.</strong></span> 
     </span>
    </p>
   </div>
   <div class='ocr_carea' id='block_1_4' title="bbox 115 3499 1209 3790">
    <p class='ocr_par' dir='ltr' id='par_1_7' title="bbox 115 3499 1209 3790">
     <span class='ocr_line' id='line_1_33' title="bbox 198 3499 1205 3592; baseline 0.008 -28"><span class='ocrx_word' id='word_1_272' title='bbox 198 3500 241 3565; x_wconf 94' lang='lat' dir='ltr'><strong>H.</strong></span> <span class='ocrx_word' id='word_1_273' title='bbox 275 3522 303 3566; x_wconf 86' lang='lat' dir='ltr'><strong>e.</strong></span> <span class='ocrx_word' id='word_1_274' title='bbox 335 3525 398 3567; x_wconf 86' lang='lat' dir='ltr'><strong>uou</strong></span> <span class='ocrx_word' id='word_1_275' title='bbox 420 3524 554 3590; x_wconf 82' lang='lat' dir='ltr'><strong>possum</strong></span> <span class='ocrx_word' id='word_1_276' title='bbox 586 3499 723 3565; x_wconf 81' lang='lat' dir='ltr'><strong>dormire</strong></span> <span class='ocrx_word' id='word_1_277' title='bbox 746 3523 831 3587; x_wconf 79' lang='lat' dir='ltr'><strong>pree</strong></span> <span class='ocrx_word' id='word_1_278' title='bbox 861 3502 1002 3567; x_wconf 67' lang='lat' dir='ltr'><strong>cuatus</strong></span> <span class='ocrx_word' id='word_1_279' title='bbox 1027 3505 1205 3592; x_wconf 65' lang='lat' dir='ltr'><strong>fuca&#39;eudsir.</strong></span> 
     </span>
     <span class='ocr_line' id='line_1_34' title="bbox 116 3598 1207 3688; baseline 0.008 -24"><span class='ocrx_word' id='word_1_280' title='bbox 116 3598 228 3665; x_wconf 86' lang='lat' dir='ltr'><strong>Simile</strong></span> <span class='ocrx_word' id='word_1_281' title='bbox 249 3610 298 3665; x_wconf 89' lang='lat' dir='ltr'><strong>est</strong></span> <span class='ocrx_word' id='word_1_282' title='bbox 317 3600 396 3666; x_wconf 93' lang='lat' dir='ltr'><strong>illud</strong></span> <span class='ocrx_word' id='word_1_283' title='bbox 416 3599 578 3668; x_wconf 87' lang='lat' dir='ltr'><strong>Iuvenalis</strong></span> <span class='ocrx_word' id='word_1_284' title='bbox 598 3599 625 3684; x_wconf 92' lang='grc' dir='ltr'>Ι,</span> <span class='ocrx_word' id='word_1_285' title='bbox 649 3599 699 3665; x_wconf 79' lang='grc'><strong>77.</strong></span> <span class='ocrx_word' id='word_1_286' title='bbox 718 3621 765 3686; x_wconf 89' lang='lat' dir='ltr'><strong>sq.</strong></span> <span class='ocrx_word' id='word_1_287' title='bbox 812 3599 907 3679; x_wconf 76' lang='lat' dir='ltr'><strong>Quem</strong></span> <span class='ocrx_word' id='word_1_288' title='bbox 924 3603 1047 3688; x_wconf 78' lang='lat' dir='ltr'><strong>patitur</strong></span> <span class='ocrx_word' id='word_1_289' title='bbox 1069 3603 1207 3674; x_wconf 80' lang='lat' dir='ltr'><strong>dormire</strong></span> 
     </span>
     <span class='ocr_line' id='line_1_35' title="bbox 115 3713 1209 3790; baseline 0.006 -26"><span class='ocrx_word' id='word_1_290' title='bbox 115 3724 214 3764; x_wconf 73' lang='lat' dir='ltr'><strong>curru</strong></span> <span class='ocrx_word' id='word_1_291' title='bbox 236 3714 399 3786; x_wconf 85' lang='lat' dir='ltr'><strong>corruptor</strong></span> <span class='ocrx_word' id='word_1_292' title='bbox 419 3723 544 3783; x_wconf 83' lang='lat' dir='ltr'><strong>coerce,</strong></span> <span class='ocrx_word' id='word_1_293' title='bbox 567 3723 656 3786; x_wconf 81' lang='lat' dir='ltr'><strong>quern</strong></span> <span class='ocrx_word' id='word_1_294' title='bbox 684 3722 817 3786; x_wconf 86' lang='lat' dir='ltr'><strong>spoasae</strong></span> <span class='ocrx_word' id='word_1_295' title='bbox 843 3713 949 3787; x_wconf 79' lang='lat' dir='ltr'><strong>turpes</strong></span> <span class='ocrx_word' id='word_1_296' title='bbox 976 3715 1006 3768; x_wconf 86' lang='lat' dir='ltr'><strong>et</strong></span> <span class='ocrx_word' id='word_1_297' title='bbox 1025 3718 1209 3790; x_wconf 78' lang='lat' dir='ltr'><strong>praetersta-</strong></span> 
     </span>
    </p>
   </div>
   <div class='ocr_carea' id='block_1_5' title="bbox 115 3798 1206 3984">
    <p class='ocr_par' dir='ltr' id='par_1_8' title="bbox 115 3798 1206 3984">
     <span class='ocr_line' id='line_1_36' title="bbox 115 3798 1206 3964; baseline 0.007 -100"><span class='ocrx_word' id='word_1_298' title='bbox 115 3813 167 3964; x_wconf 44' lang='grc' dir='ltr'><strong>ἷκε</strong></span> <span class='ocrx_word' id='word_1_299' title='bbox 188 3799 330 3964; x_wconf 57' lang='grc' dir='ltr'><strong>αιξιίιενὲ</strong></span> <span class='ocrx_word' id='word_1_300' title='bbox 372 3800 439 3866; x_wconf 78' lang='lat' dir='ltr'><strong>cfr.</strong></span> <span class='ocrx_word' id='word_1_301' title='bbox 454 3800 533 3865; x_wconf 93' lang='lat' dir='ltr'><strong>Hor.</strong></span> <span class='ocrx_word' id='word_1_302' title='bbox 554 3799 658 3886; x_wconf 85' lang='lat' dir='ltr'><strong>Epist.</strong></span> <span class='ocrx_word' id='word_1_303' title='bbox 679 3798 725 3882; x_wconf 91' lang='grc' dir='ltr'>ΙΙ,</span> <span class='ocrx_word' id='word_1_304' title='bbox 749 3800 776 3884; x_wconf 91' lang='grc'>1,</span> <span class='ocrx_word' id='word_1_305' title='bbox 799 3800 869 3863; x_wconf 92' lang='lat' dir='ltr'><strong>lll.</strong></span> <span class='ocrx_word' id='word_1_306' title='bbox 884 3820 954 3886; x_wconf 91' lang='lat' dir='ltr'><strong>sqq.</strong></span> <span class='ocrx_word' id='word_1_307' title='bbox 978 3809 1010 3866; x_wconf 88' lang='lat' dir='ltr'><strong>et</strong></span> <span class='ocrx_word' id='word_1_308' title='bbox 1024 3802 1093 3869; x_wconf 82' lang='lat' dir='ltr'><strong>Cio.</strong></span> <span class='ocrx_word' id='word_1_309' title='bbox 1109 3805 1206 3872; x_wconf 85' lang='lat' dir='ltr'><strong>Tusc.</strong></span> 
     </span>
     <span class='ocr_line' id='line_1_37' title="bbox 167 3901 248 3984; baseline 0 -20"><span class='ocrx_word' id='word_1_310' title='bbox 167 3901 215 3984; x_wconf 93' lang='lat' dir='ltr'><strong>,l</strong></span> <span class='ocrx_word' id='word_1_311' title='bbox 240 3948 248 3964; x_wconf 93' lang='lat'><strong>.</strong></span> 
     </span>
    </p>
   </div>
   <div class='ocr_carea' id='block_1_6' title="bbox 114 4029 1011 4333">
    <p class='ocr_par' dir='ltr' id='par_1_9' title="bbox 114 4029 1005 4181">
     <span class='ocr_line' id='line_1_38' title="bbox 114 4029 1005 4099; baseline -0.002 -15"><span class='ocrx_word' id='word_1_312' title='bbox 114 4033 145 4084; x_wconf 89' lang='lat' dir='ltr'><strong>V.</strong></span> <span class='ocrx_word' id='word_1_313' title='bbox 165 4032 204 4084; x_wconf 80' lang='lat'><strong>13.</strong></span> <span class='ocrx_word' id='word_1_314' title='bbox 222 4047 279 4099; x_wconf 88' lang='lat' dir='ltr'><strong>sqq.</strong></span> <span class='ocrx_word' id='word_1_315' title='bbox 506 4045 592 4097; x_wconf 88' lang='lat' dir='ltr'><strong>neque</strong></span> <span class='ocrx_word' id='word_1_316' title='bbox 609 4033 678 4083; x_wconf 88' lang='lat' dir='ltr'><strong>enim</strong></span> <span class='ocrx_word' id='word_1_317' title='bbox 695 4031 780 4097; x_wconf 75' lang='lat' dir='ltr'><strong>quiris</strong></span> <span class='ocrx_word' id='word_1_318' title='bbox 796 4029 929 4082; x_wconf 81' lang='lat' dir='ltr'><strong>horrentia</strong></span> <span class='ocrx_word' id='word_1_319' title='bbox 945 4031 1005 4097; x_wconf 85' lang='lat' dir='ltr'><strong>pilis</strong></span> 
     </span>
     <span class='ocr_line' id='line_1_39' title="bbox 312 4113 988 4181; baseline 0.004 -19"><span class='ocrx_word' id='word_1_320' title='bbox 312 4113 427 4181; x_wconf 76' lang='lat' dir='ltr'><strong>Agmina</strong></span> <span class='ocrx_word' id='word_1_321' title='bbox 441 4126 491 4163; x_wconf 85' lang='lat' dir='ltr'><strong>nec</strong></span> <span class='ocrx_word' id='word_1_322' title='bbox 507 4113 591 4165; x_wconf 82' lang='lat' dir='ltr'><strong>fracte</strong></span> <span class='ocrx_word' id='word_1_323' title='bbox 606 4119 744 4181; x_wconf 85' lang='lat' dir='ltr'><strong>pereuntes</strong></span> <span class='ocrx_word' id='word_1_324' title='bbox 762 4113 869 4179; x_wconf 86' lang='lat' dir='ltr'><strong>cuspide</strong></span> <span class='ocrx_word' id='word_1_325' title='bbox 887 4113 988 4178; x_wconf 85' lang='lat' dir='ltr'><strong>Gallos,</strong></span> 
     </span>
    </p>

    <p class='ocr_par' dir='ltr' id='par_1_10' title="bbox 313 4195 1003 4265">
     <span class='ocr_line' id='line_1_40' title="bbox 313 4195 1003 4265; baseline 0 -17"><span class='ocrx_word' id='word_1_326' title='bbox 313 4198 367 4249; x_wconf 85' lang='lat' dir='ltr'><strong>Aut</strong></span> <span class='ocrx_word' id='word_1_327' title='bbox 383 4197 496 4248; x_wconf 83' lang='lat' dir='ltr'><strong>labentis</strong></span> <span class='ocrx_word' id='word_1_328' title='bbox 514 4212 581 4265; x_wconf 86' lang='lat' dir='ltr'><strong>equo</strong></span> <span class='ocrx_word' id='word_1_329' title='bbox 599 4197 764 4262; x_wconf 84' lang='lat' dir='ltr'><strong>describat</strong></span> <span class='ocrx_word' id='word_1_330' title='bbox 779 4195 889 4248; x_wconf 77' lang='lat' dir='ltr'><strong>vulnera</strong></span> <span class='ocrx_word' id='word_1_331' title='bbox 904 4197 1003 4248; x_wconf 80' lang='lat' dir='ltr'><strong>Parthi.</strong></span> 
     </span>
    </p>

    <p class='ocr_par' dir='ltr' id='par_1_11' title="bbox 974 4280 1011 4333">
     <span class='ocr_line' id='line_1_41' title="bbox 974 4280 1011 4333; baseline 0 -18"><span class='ocrx_word' id='word_1_332' title='bbox 974 4280 1011 4333; x_wconf 75' lang='lat' dir='ltr'><strong>qs</strong></span> 
     </span>
    </p>
   </div>
   <div class='ocr_carea' id='block_1_7' title="bbox 0 0 1349 4642">
    <p class='ocr_par' dir='ltr' id='par_1_12' title="bbox 0 0 1349 4642">
     <span class='ocr_line' id='line_1_42' title="bbox 0 0 1349 4642; baseline 0 0"><span class='ocrx_word' id='word_1_333' title='bbox 0 0 1349 4642; x_wconf 95' lang='lat' dir='ltr'><strong> </strong></span> 
     </span>
    </p>
   </div>
  </div>
 </body>
</html>
