2678 4642
359 236 396 283 1u
417 233 607 284 1111111111
628 233 757 283 manu
779 233 964 283 sucuunuu
1155 216 1213 282 121

123 403 174 466 tic
188 401 335 488 posuisse
355 401 479 489 pandet.
514 400 580 466 cfr.
604 400 672 466 Sat.
694 400 738 483 H,
761 402 790 484 6,
811 400 862 464 48.
885 421 933 485 sq.
969 399 1079 463 Ludos
1098 412 1215 486 specta»

124 514 212 566 verat
232 525 304 584 rtaa,
327 501 444 566 luserat
465 502 499 565 ia
520 524 646 587 eampo:
680 500 839 564 Fortunae
851 501 943 586 filias
964 522 1078 564 omres.

123 617 154 668 V.
173 618 230 670 243.
247 633 303 683 sqq.
327 619 418 680 Quinti
434 619 572 683 progenies
588 617 654 679 Am‘,
671 632 720 681 par
735 614 824 666 nobile
840 615 957 679 bobum,

320 700 444 766 Nequitia
461 704 487 749 et
502 701 588 766 nugis,
605 715 745 764 pravorum
763 703 789 748 et
805 713 892 748 amore
909 697 1055 764 gemellum,

318 783 458 832 Luscinias
475 782 545 833 soliti
561 783 678 848 impenso
695 783 823 847 prandere
841 785 962 844 eoemtas,

320 867 451 928 Quorsum
468 865 581 916 abeant?
610 865 711 915 Sanin
728 869 798 933 creta
815 879 850 914 111
867 864 980 914 carbone
997 863 1154 914 notandi?
1199 899 1200 902 ,

204 963 245 1028 V.
274 963 345 1028 246.
381 965 427 1028 sic
456 964 663 1050 vulgabatur:
696 988 842 1050 quorsum
867 964 978 1027 obeunt
1004 961 1096 1029 aeni?
1128 976 1214 1029 oreta
1324 966 1328 973 ’

123 1087 164 1127 aa
185 1063 317 1128 carbone
345 1063 495 1128 rotardi?
536 1063 597 1129 Lb.
627 1063 723 1127 MSS.
752 1064 888 1126 offerunt
914 1063 989 1126 sarri
1015 1074 1115 1144 eruta,
1144 1064 1218 1128 soni

121 1175 156 1226 ut
176 1160 305 1226 velaret
327 1176 424 1244 oreta,
454 1164 527 1227 sarsi
550 1188 591 1227 aa
613 1176 713 1244 creta,
741 1163 849 1226 scarae
876 1174 975 1243 creta,
1006 1163 1094 1226 soreii
1119 1175 1214 1245 erata,

122 1260 229 1326 Samii
247 1275 330 1327 creto
351 1285 391 1326 ae
411 1284 469 1349 pro
490 1261 623 1327 notandi
645 1259 773 1348 plurimi
793 1263 896 1325 notati
916 1259 1045 1325 babent.
1080 1259 1214 1327 Dudum

121 1359 251 1445 quidem
280 1363 353 1426 sarri
378 1383 421 1425 cx
450 1362 555 1447 prima
581 1361 830 1446 interrogatione
858 1368 893 1423 ut
918 1360 1012 1423 nimis
1041 1358 1215 1424 absurdum

123 1460 261 1522 eiectum
284 1470 339 1543 est,
367 1460 533 1525 sedidem
553 1460 746 1526 vocabulum
767 1461 800 1523 in
822 1458 922 1524 altera
950 1459 1138 1544 quaestione
1167 1457 1213 1523 lo-

123 1580 195 1622 cum
227 1579 293 1622 non
316 1561 421 1624 minus
449 1561 591 1647 ineptum
616 1559 774 1646 hodieque
805 1558 935 1624 obtinet.
977 1557 1031 1621 An
1060 1556 1213 1622 Horatius

124 1658 295 1722 effutiverit
315 1684 389 1724 nam
410 1673 495 1725 creta
519 1660 564 1723 'aa
592 1660 722 1724 carbone
748 1660 822 1723 sani
844 1657 978 1723 notandi
1000 1657 1086 1721 aiat?
1126 1656 1215 1721 Nihil

121 1779 200 1821 vero
231 1757 365 1844 amplius
395 1759 535 1823 continet
559 1760 783 1843 interrogatio,
810 1767 845 1821 ut
871 1780 957 1821 nune
984 1757 1214 1841 circumfertur,

121 1878 197 1920 nam
217 1879 311 1922 nemo
334 1858 459 1924 sobrius
480 1859 588 1923 11111111
611 1867 685 1944 post
705 1882 748 1922 aa
769 1879 811 1920 ex
831 1856 962 1942 iugenio
978 1876 1035 1919 suo
1051 1865 1213 1941 suggerat.

121 1955 234 2040 Neque
262 1965 370 2021 tamen
397 1955 577 2043 corruptela
603 1956 775 2021 admodum
806 1954 973 2021 recondita
1006 1963 1063 2018 est.
1108 1952 1214 2042 Saepe
1278 2006 1280 2010 .

124 2056 209 2119 enim
230 2055 377 2121 librarios
398 2056 502 2121 verba
523 2066 554 2120 ct
575 2058 716 2142 genuina
738 2064 770 2120 et
790 2055 917 2142 spuria,
939 2077 979 2118 ne
1001 2053 1077 2139 quid
1098 2053 1213 2140 perde-

122 2165 227 2240 retur,
248 2156 429 2242 religiosius
452 2155 660 2242 descripsisse
682 2154 769 2219 baud
790 2156 933 2241 ignotum
955 2162 1017 2236 est,
1041 2153 1129 2218 cuius
1156 2175 1213 2239 ge-

121 2255 209 2319 neris
233 2257 398 2342 specimen
420 2263 520 2320 est'v.
542 2252 563 2318 l.
586 2255 703 2318 suanae.
746 2253 899 2318 Horatius
928 2253 1050 2318 scilicet
1078 2252 1213 2317 exbibu-

122 2363 192 2418 erat
212 2371 291 2428 autre,
314 2355 400 2441 quod
421 2353 627 2441 explicationi
647 2352 851 2436 inserviebat,
885 2352 972 2418 velut
991 2352 1094 2438 Epist.
1116 2351 1160 2436 H,
1184 2353 1214 2437 3,

121 2456 193 2520 206.
210 2476 257 2541 sq.
271 2480 329 2540 qao
348 2479 422 2520 saue
432 2454 571 2541 populas
582 2453 782 2518 numerabiles
795 2465 898 2538 utpote
906 2476 1029 2538 paruus
1048 2495 1131 2506 --
1153 2452 1214 2517 eoi·

122 2557 182 2620 bot.
216 2555 254 2619 Id
280 2554 488 2641 interpolator
511 2575 575 2617 non
601 2553 732 2639 capiens
758 2561 878 2617 temere
900 2550 930 2616 ni
951 2574 1047 2638 super
1067 2569 1138 2618 aune
1158 2573 1214 2616 no-

123 2657 223 2738 tavit,
252 2655 337 2719 uude
363 2654 549 2741 plerumque
576 2655 651 2718 sani
675 2661 707 2716 ct
732 2650 898 2737 aliquoties
925 2653 1022 2716 etiam
1048 2653 1156 2716 suasae
1180 2652 1215 2716 in

124 2755 188 2819 Lb.
210 2753 306 2819 MSS.
329 2754 456 2818 invasit.
492 2751 563 2817 Iam
585 2774 682 2838 quum
705 2751 805 2816 altera
823 2752 966 2837 quaestio
980 2750 1060 2814 nibil
1074 2752 1114 2815 sit
1128 2750 1216 2817 aliud

124 2853 189 2916 nisi
210 2853 339 2917 alterius
361 2853 596 2938 interpretatis,
625 2851 702 2915 satis
732 2849 825 2914 simul
850 2849 967 2934 elucet,
994 2850 1128 2916 aotaadi
1152 2872 1214 2916 uec

121 2953 225 3017 rotati
243 2952 416 3037 genuinum
438 2972 520 3014 esse.

123 3068 155 3118 V.
173 3067 230 3119 262.
248 3082 304 3133 sqq.
525 3064 564 3114 Ne
581 3079 658 3128 nuuc,
675 3080 756 3131 quum
771 3079 813 3113 me
829 3067 924 3114 vocet
939 3061 1016 3127 ulau,

320 3148 468 3200 Accedam?

206 3248 311 3313 Unius
334 3247 393 3313 cd.
417 3245 604 3312 auctoritate
625 3245 835 3310 indicativum
856 3257 945 3309 oocot
971 3243 1102 3331 vulgato
1128 3261 1215 3312 oocet

122 3371 186 3412 non
207 3349 395 3431 anteferam,
416 3368 521 3432 neque
545 3343 608 3409 hue
636 3367 688 3408 me
716 3344 845 3409 adducit
872 3343 947 3408 Ter.
974 3343 1059 3408 Eun.
1081 3345 1108 3428 I,
1132 3347 1160 3429 l,
1183 3348 1212 3412 1.

122 3470 171 3534 sq.
193 3472 255 3513 aon
277 3472 353 3529 eam,
374 3470 513 3511 aeaeae
534 3435 666 3530 quidem,
687 3469 780 3529 qaum
795 3467 937 3508 accersor
950 3443 1052 3508 altro?
1074 3442 1213 3511 Gravius

124 3549 211 3612 enim
234 3547 428 3612 coniunctivi
450 3546 673 3611 documentum
694 3543 849 3608 habemus
872 3541 939 3607 Sat.
959 3542 986 3626 I,
1010 3543 1058 3627 10,
1080 3543 1130 3608 31.
1143 3566 1213 3631 sqq.

123 3648 167 3711 Ar
188 3671 286 3713 sermo
308 3648 415 3735 liapaa
437 3647 607 3711 acacianae
627 3656 758 3729 atraque
778 3645 914 3725 suavior,
937 3655 971 3706 at
988 3641 1064 3708 Olu'o
1086 3657 1160 3708 nota
1184 3645 1217 3709 ai

123 3749 291 3812 commista
315 3747 448 3810 Falerni
464 3758 517 3810 est.
558 3743 658 3822 Quam
671 3767 778 3808 versas
794 3744 917 3831 facias.
951 3741 1077 3807 Similia
1091 3742 1213 3809 adscri-

122 3847 243 3935 psimus
265 3845 308 3911 ad
329 3844 396 3910 Sat.
418 3845 445 3929 I,
460 3846 489 3928 5,
504 3844 555 3910 59.

124 3949 156 3999 V.
174 3949 231 3999 275.
250 3962 307 4012 sqq.
800 3941 875 3992 Adde
898 3955 1016 3991 eruorem

322 4027 452 4078 Stultitiae
470 4031 549 4092 atque
565 4026 652 4092 ignem
669 4023 757 4091 gladio
775 4030 898 4076 scrutare.
932 4023 1037 4088 Modo,
1054 4025 1197 4092 iuquam,

320 4109 433 4161 Hellade
450 4124 575 4175 percussa
591 4107 699 4170 Marius,
718 4123 795 4173 quum
812 4106 966 4173 praecipitat
983 4122 1020 4170 se,

322 4193 437 4245 Cerritus
454 4193 512 4243 fuit.
