2678 4642
351 228 354 234 ’
374 245 410 294 m
430 243 620 293 armannum
640 243 769 291 urrann
788 243 922 290 sumum
1150 224 1194 291 95

107 411 189 496 36.),
217 412 263 476 ia
287 419 323 475 ut
346 409 500 478 Horatius
527 418 654 474 cantum
678 409 829 474 Pollionis
860 409 1017 494 tragicum
1045 415 1077 474 et
1100 407 1193 474 Varii

108 513 234 597 epicum
255 520 305 576 sat
325 509 464 574 dilucide
485 508 673 574 distinxerit.

107 645 139 696 V.
158 646 199 697 64.
216 660 272 710 sqq.
311 644 380 706 Quid
396 647 475 706 vetat,
493 648 518 693 et
533 647 635 692 nosmet
650 641 736 692 Lucili
752 641 848 707 scripta
864 640 980 708 legentes

305 728 443 788 Quaerere,
460 743 523 776 num
539 726 617 787 illius,
633 741 696 774 num
711 740 797 774 rerum
813 726 878 774 dura
894 725 998 791 negarit

304 810 453 861 Versiculos
469 814 564 859 natura
580 809 663 874 magis
679 808 762 858 factos
780 812 805 858 et
822 812 912 882 euntes

304 893 420 954 Mallius,
437 892 517 942 acsi
534 892 591 957 quis
608 892 717 956 pedibus
736 892 798 956 quid
814 891 935 941 claudere
951 891 1030 953 senis,

304 976 364 1026 Hoc
380 980 480 1025 tantum
496 979 640 1036 contentus,
658 978 726 1023 amet
742 975 876 1039 scripsisse
893 975 1019 1024 ducentos

305 1059 374 1109 Ante
390 1059 478 1108 cibum
494 1073 592 1121 versus,
608 1058 714 1108 totidem
732 1063 840 1107 cenatus
872 1093 973 1104 .......

192 1190 355 1256 Brevitate
378 1189 523 1254 dictionis
545 1190 662 1254 factum
685 1197 746 1272 est,
768 1199 803 1253 ut
823 1213 861 1254 ac
888 1191 920 1253 si
943 1211 1008 1253 non
1034 1197 1121 1253 recte
1146 1189 1194 1253 in-

111 1291 272 1356 tellectum
293 1290 413 1376 passim
435 1299 696 1375 corrumperetur.
738 1289 838 1353 Plena
858 1291 959 1354 oratio
985 1290 1105 1354 haecce
1134 1299 1195 1353 est:

114 1391 192 1478 quid
210 1403 300 1472 cetat,
321 1391 459 1454 cr‘cr'ssr‘rn
479 1412 536 1454 reos
556 1413 718 1476 quaerere,
744 1414 817 1453 unm
843 1389 976 1471 Iarcr'lr‘r’,
998 1413 1197 1454 cumrerum

109 1492 310 1556 satiricorum
331 1489 411 1554 dura
430 1503 545 1554 actara
565 1513 671 1554 versus
691 1491 849 1576 oeqaverr't
862 1490 1026 1575 politiores
1039 1502 1068 1552 et
1081 1490 1196 1553 mollio-

109 1616 161 1656 res
181 1615 274 1677 quam
294 1611 405 1653 versus
427 1596 499 1652 sunt
520 1589 598 1672 eius,
620 1589 675 1674 qui
689 1611 723 1652 eo
744 1589 841 1653 solam
863 1601 1027 1670 contentus,
1049 1590 1083 1652 r‘rr
1103 1590 1196 1653 dera-

111 1692 204 1756 metri
222 1691 353 1776 speciem
374 1689 497 1773 aliquid
512 1688 675 1774 redeqr'sse,
703 1688 835 1752 ducenos
861 1711 968 1752 versas
994 1701 1064 1752 orte
1092 1712 1198 1753 ceram

112 1803 231 1877 etpost
253 1813 357 1854 cenam
374 1787 516 1874 fundere
537 1787 655 1851 soleat?
697 1786 764 1852 Cfr.
787 1787 853 1852 Sat.
875 1787 918 1872 Π,
942 1788 970 1870 1,
991 1787 1042 1852 54.
1064 1809 1111 1872 sq.
1140 1789 1197 1852 rru'-

110 1916 190 1972 ram,
212 1903 246 1953 ut
265 1912 360 1974 raeque
382 1888 463 1952 culce
484 1888 574 1972 lupus
595 1911 774 1973 quemquam
794 1910 889 1972 raeque
918 1887 1005 1951 dente
1026 1890 1105 1973 petit
1132 1889 1196 1970 bos,

111 1993 133 2055 i.
156 2012 184 2054 e.
207 1990 328 2070 mirum,
350 2001 384 2051 ut
404 1988 519 2050 mirum
541 1996 604 2070 est,
628 1985 714 2072 quod
743 2011 838 2073 raeque
870 1987 951 2051 calce
981 1987 1072 2071 lopas
1102 2010 1198 2073 raeque

111 2092 166 2154 bos
188 2088 274 2152 deute
295 2110 475 2173 quemquam
486 2088 579 2172 petit.

110 2224 142 2276 V.
160 2224 200 2274 69.
218 2236 274 2286 sqq.
903 2219 1036 2270 Etrusci

310 2301 394 2364 Quale
410 2301 460 2352 fuit
477 2301 572 2353 Cassi
587 2301 679 2367 rapido
696 2301 837 2353 ferventius
854 2305 925 2353 amni

308 2385 452 2451 Ingenium,
469 2386 556 2450 capsis
574 2400 650 2450 quem
666 2386 737 2436 fama
754 2391 794 2436 est
810 2402 867 2437 esse
883 2387 1008 2453 librisque

307 2469 463 2519 Ambustum
478 2469 596 2534 propriis.

196 2584 350 2649 Horatius
364 2606 428 2648 non
442 2583 548 2670 multa,
568 2583 626 2649 sed
640 2608 803 2674 perpauca
816 2586 915 2652 scribi
928 2585 1066 2670 volebat,
1088 2609 1197 2673 quam-

113 2685 224 2751 obrem
248 2682 408 2749 Lucilium
433 2685 566 2749 nimium
592 2685 743 2752 fluentem
771 2696 801 2751 et
827 2686 880 2752 hic
908 2694 940 2750 et
968 2685 1034 2751 Sat.
1061 2686 1087 2771 I,
1113 2687 1144 2771 4,
1166 2688 1197 2752 9.

114 2807 184 2873 sqq.
208 2785 368 2871 corripuit,
384 2784 635 2851 exabundantia
652 2787 881 2872 negligentiam
895 2788 987 2851 nasci
1001 2788 1197 2852 existimans.

113 2884 273 2950 Lucilium
303 2903 380 2948 vero
409 2882 539 2948 Cassius
572 2884 702 2970 quidam
732 2885 887 2950 Etruscus
918 2887 1041 2972 ingenii
1071 2887 1198 2952 fervore

97 2986 213 3048 ‘etiam
234 2983 407 3069 superavit,
429 2982 513 3048 unde
536 3007 609 3048 eum
630 2984 671 3049 ab
692 2984 826 3049 Horatio
843 2984 1005 3071 aliquanto
1021 2987 1117 3051 etiam
1130 3008 1197 3050 ma-

115 3086 166 3170 gis
193 3083 405 3169 improbatum
436 3104 507 3147 esse
540 3083 651 3148 elucet.
693 3083 904 3149 Nihilominus
934 3085 996 3149 viri
1027 3085 1200 3152 doctissimi

115 3184 264 3249 Cassium
284 3181 456 3246 Etruscum
477 3205 549 3247 cum
564 3182 674 3248 Cassio
695 3183 870 3268 Parmensi,
892 3206 988 3270 quern
1007 3193 1103 3272 poeta
1124 3185 1200 3251 olim

115 3281 287 3348 commilito
308 3281 411 3368 Epist.
433 3281 459 3366 I,
475 3282 505 3366 4,
526 3282 556 3347 3.
577 3305 772 3370 magnopere
794 3283 943 3366 laudavit,
966 3286 1109 3350 certatim
1125 3307 1198 3351 con-

115 3381 275 3447 fuderunt.
319 3381 390 3462 Quo
413 3383 509 3447 etiam
530 3382 665 3467 accedit,
686 3384 772 3470 quod
793 3383 921 3449 Cassius
934 3384 1117 3450 Parmensis
1131 3394 1200 3450 tan·

114 3481 277 3546 tummodo
313 3483 461 3567 opusculo
492 3482 646 3567 condidit,
679 3505 756 3570 ergo
792 3484 956 3570 ingenium
989 3484 1101 3572 rapido
1138 3486 1200 3550 fer·

116 3581 242 3645 ventius
274 3581 361 3644 amni
391 3583 523 3646 minime
553 3581 673 3647 habuit.
719 3583 855 3671 Insuper
882 3583 969 3649 idem
997 3584 1141 3669 Cassius,
1168 3594 1201 3649 ut

117 3703 190 3745 eum
227 3679 440 3746 concedamus
477 3682 573 3746 etiam
606 3681 780 3748 Etruscum
821 3683 885 3748 dici
925 3685 1081 3770 potuisse,
1117 3706 1200 3749 anno

117 3778 324 3846 DCCXXIV
351 3801 382 3844 u.
409 3804 437 3846 c.
465 3781 550 3846 solus
577 3781 618 3846 de
647 3781 795 3847 Caesaris
823 3783 1065 3870 percussoribus
1097 3783 1202 3849 adhuc

118 3890 288 3967 superstes,
309 3881 397 3944 iussu
418 3868 588 3945 Octaviani
609 3882 744 3947 fortasse
767 3882 900 3971 epistola
920 3882 989 3967 illa,
1011 3884 1100 3948 cuius
1122 3883 1201 3948 Sue·

117 3983 221 4047 tonius
245 3979 357 4044 Octav.
379 3978 409 4044 4
430 3980 582 4064 meminit,
608 3984 747 4046 maxime
774 3984 909 4070 permoti
929 3982 1063 4048 Athenis
1089 3985 1201 4070 capitis

118 4080 274 4168 supplicio
296 4080 428 4144 affectus
449 4100 553 4165 neque
574 4082 699 4168 scriptis
721 4083 787 4147 suis
812 4082 974 4147 ambustus
996 4092 1053 4147 est.
1089 4082 1201 4169 Itaque

120 4180 249 4248 Cassius
270 4180 425 4247 Etruscus
451 4189 548 4272 poeta
574 4179 671 4268 longe
704 4174 784 4248 alius
815 4191 885 4248 erat
913 4183 1006 4270 isque
1036 4183 1203 4249 Parmensi
