2678 4642
483 972 849 1052 CONIEOTANEA

643 1191 678 1237 IN

124 1359 509 1457 SATIRARUM
548 1357 806 1454 LIBRUM
840 1354 1218 1463 SECUNDUM.

591 1575 739 1584 —---

566 1698 702 1773 ΕΔΤ.
718 1701 762 1770 1.

120 1841 153 1892 V.
172 1842 194 1890 1.
211 1854 250 1904 sq.
323 1838 397 1901 Sunt,
415 1800 508 1903 quibus
522 1838 553 1886 in
570 1837 650 1887 satira
666 1823 784 1888 videor
793 1836 870 1886 nimis
886 1849 947 1886 acar
963 1838 989 1885 et
1003 1833 1074 1885 ultra

318 1921 417 1987 Legem
432 1919 562 1970 tendere
579 1935 645 1984 opus
662 1949 745 1960 --

206 2035 362 2116 Quamvis
379 2035 515 2099 Horatio
536 2034 642 2100 multis
664 2057 737 2100 curn
752 2033 1016 2100 obtrectatoribus
1038 2040 1070 2096 et
1091 2031 1215 2099 calum·

123 2134 299 2200 uiatoribus
321 2143 451 2221 propter
471 2145 681 2201 restauratam
708 2135 821 2221 poesin
849 2135 1011 2199 satiricum
1036 2131 1214 2198 vehemen-

123 2237 185 2299 tius
213 2234 460 2299 conflictandum
490 2235 617 2319 fuisset,
650 2234 769 2299 iudicio
801 2243 908 2299 tamen
938 2234 1114 2298 amicorum
1144 2242 1215 2298 tam

122 2334 394 2401 nobilissimorum
422 2355 518 2419 quarn
546 2334 801 2399 doctissimorum
829 2333 873 2418 (v.
903 2333 968 2399 Sat.
990 2333 1017 2416 I,
1040 2332 1089 2397 10.
1114 2333 1214 2417 extr.)

124 2433 263 2500 confisus
295 2433 471 2498 Satirarum
501 2431 583 2498 libro
615 2434 718 2519 primo
750 2455 814 2498 non
845 2435 966 2499 veritus
998 2441 1046 2497 est
1076 2431 1216 2498 alterum

80 2614 81 2618 Ἰ
124 2535 256 2599 addere.
288 2533 519 2597 Verumtamen
540 2555 575 2598 se
597 2555 753 2618 suumque
774 2556 875 2621 genus
897 2534 1060 2599 satiricum
1079 2533 1215 2599 ineunte

123 2633 185 2698 hoc
205 2633 288 2699 libro
312 2633 416 2698 denuo
438 2631 613 2697 defendere
634 2654 699 2697 non
728 2634 917 2721 supersedit.
959 2633 1054 2698 Hauc
1080 2632 1215 2718 quidem

125 2733 358 2817 defensionem,
391 2755 473 2819 quae
501 2754 647 2798 sermone
674 2756 747 2798 cum
773 2732 810 2799 O.
832 2734 985 2800 Trebatio
1011 2732 1123 2816 Testa,
1156 2733 1215 2817 qui

123 2833 363 2900 iurisconsultus
386 2842 454 2898 erat
475 2833 773 2919 excellentissimus,
794 2835 933 2899 instituto
960 2834 1052 2920 quasi
1073 2833 1213 2897 forensis

123 2935 225 2999 instar
257 2935 392 3020 accepit,
425 2943 570 2999 auctores
601 2932 750 2998 videntur
781 2956 846 2999 non
876 2933 977 2998 infimi
1006 2953 1213 3020 provocasse,

124 3034 274 3098 familiari
296 3055 352 3098 suo
376 3056 448 3098 cum
470 3034 633 3098 acerrimis
654 3032 847 3098 adversariis
862 3032 1047 3116 decertanti,
1068 3031 1213 3118 utplane

124 3133 280 3198 abiiceret
292 3133 406 3219 poesin
428 3134 599 3216 satiricam,
621 3132 791 3198 suadentes
812 3133 1005 3219 easdemque
1026 3133 1094 3198 fere
1114 3132 1212 3196 inter·

124 3240 268 3296 serentes
290 3253 419 3314 causas,
441 3254 519 3317 quas
541 3231 710 3297 Trebatius
732 3234 875 3297 severius
896 3232 1037 3320 protulit,
1057 3230 1213 3296 Horatius

126 3353 206 3396 vero
228 3341 294 3395 tam
314 3331 418 3395 facete
440 3330 618 3417 redarguit,
646 3341 680 3396 ut
699 3331 779 3397 haec
801 3331 907 3398 Satira
927 3335 961 3397 in
981 3331 1213 3397 venustissimis

124 3430 325 3495 numeranda
346 3431 396 3493 sit.
438 3429 518 3494 Eius
540 3440 646 3495 autem
668 3455 769 3496 annus
784 3432 898 3497 natalis
911 3431 1139 3497 incertissimus
1154 3437 1212 3514 est,

125 3554 201 3596 nam
221 3530 296 3594 licet
316 3528 381 3613 illa,
403 3552 486 3616 quae
507 3553 539 3595 v.
557 3531 605 3594 13.
621 3552 690 3617 sqq.
715 3531 801 3596 dicta
822 3541 903 3615 sunt,
924 3531 1100 3597 secundum
1112 3555 1144 3596 v.
1162 3531 1211 3594 11.

125 3630 167 3696 ad
198 3629 348 3695 Caesaris
380 3629 491 3694 invicti
521 3652 573 3694 res
605 3644 711 3716 gestas
743 3652 847 3717 neque
878 3632 1012 3696 ficticias
1042 3628 1213 3696 referenda

126 3732 198 3814 sint,
220 3739 328 3794 tamen
348 3728 424 3794 hinc
443 3751 508 3793 non
529 3730 633 3814 magis
655 3751 752 3814 quam
774 3730 902 3796 aliunde
924 3731 965 3796 de
987 3740 1092 3797 aetate
1118 3730 1211 3794 huius
1253 3737 1259 3796 f

126 3831 280 3895 sermonis
314 3830 430 3893 certius
463 3828 637 3914 quidquam
670 3840 852 3917 computare
885 3853 1061 3918 possumus.
1116 3827 1212 3911 Quod

126 3928 336 3994 Heindorfius
358 3928 401 3993 ad
422 3952 452 3994 v.
477 3929 526 3992 15.
549 3929 602 4011 ait,
624 3928 699 3993 dass
720 3931 794 3996 ader
816 3931 900 3997 dacae
919 3930 1024 3997 Satira
1044 3930 1138 3994 sedon
1158 3952 1214 3994 cor

125 4028 194 4095 dem
214 4029 246 4095 J.
263 4027 323 4093 727
342 4028 540 4116 ‚qescdriedca
558 4028 614 4111 ist,
636 4029 714 4095 ledrt
735 4030 791 4095 der
816 4030 918 4097 Norae
950 4029 1066 4096 Cacsar
1094 4029 1127 4093 V.
1152 4029 1212 4111 11,
