2678 4642
126 202 169 269 42
350 233 352 237 ⁷
554 217 789 267 conmortuus

125 384 261 449 Horatio
289 389 472 472 suspectum
498 381 608 448 fuisse.
643 381 709 448 cfr.
732 384 806 450 infr.
829 408 860 450 v.
883 385 934 450 64.
956 407 1026 472 sqq.
1068 386 1140 452 Nec
1160 410 1217 453 vo·

126 483 240 549 cabulo
254 485 368 570 plures
389 482 600 548 adversantur
613 482 716 547 verba
728 484 932 570 insequentia
953 487 1089 572 quemvis
1110 485 1219 552 media

125 584 210 669 eripe
236 584 341 666 turbo,
370 584 487 669 quippe
513 581 596 646 haec
624 581 667 646 ad
687 583 827 648 mediam
847 584 942 649 modo
964 585 1090 650 turbam
1111 609 1218 672 neque

125 682 169 747 ad
190 691 319 747 cunctos
341 691 486 768 spectant
505 681 679 745 Romanos.
722 682 880 748 Nimirum
901 684 1005 749 medie
1032 686 1125 750 turba
1152 707 1219 751 non

125 791 174 846 est
195 782 329 847 medeam
350 783 473 863 turbae,
496 780 553 844 sed
574 779 709 845 medium
729 803 787 845 seu
815 784 954 869 rbfimum
974 784 1096 871 colena
1125 784 1218 850 Hans

123 882 158 944 r'n
179 883 261 946 allen
283 880 412 963 Gaesao,
434 881 525 943 Hono
545 879 656 966 Hayel,
679 880 760 944 sicut
781 881 868 969 apud
890 881 951 948 Ov.
963 881 1039 946 Met.
1051 882 1127 966 VH,
1142 885 1214 949 431.

125 1001 173 1065 sq.
205 980 339 1067 Ayitaat
365 980 508 1045 coactitio
528 990 638 1064 patres
666 992 695 1043 et
715 980 850 1045 atedtiaa
869 982 989 1068 vulqus.
1036 981 1102 1048 Ofr.
1121 982 1178 1047 Tr.
1188 983 1216 1078 I,

125 1079 154 1162 l,
177 1080 227 1143 88.
250 1080 293 1164 II,
316 1079 388 1144 351.
410 1079 498 1143 Fast.
520 1078 561 1160 V,
583 1078 633 1141 20.
666 1078 746 1142 Hor.
770 1079 877 1145 Oarm.
899 1080 961 1164 III,
983 1081 1033 1165 27,
1055 1082 1106 1147 27.

206 1179 287 1244 Inv.
300 1179 350 1243 25.
368 1179 529 1243 variarum
547 1177 720 1241 lectionum
735 1180 820 1266 elt'ye,
844 1204 925 1261 erue,
947 1181 1031 1266 ervire
1052 1190 1222 1268 postrema·

123 1278 218 1343 nobis
253 1287 384 1364 propter
415 1279 551 1364 quemvis
583 1278 860 1364 praestantissima
891 1279 1032 1363 videtur,
1064 1282 1215 1366 quoniam

124 1379 262 1464 primum
290 1399 464 1464 quemque,
498 1377 557 1442 dea
583 1390 685 1443 ersten
711 1376 770 1442 dea
798 1378 908 1461 beaten,
934 1401 1040 1465 neque
1067 1378 1214 1466 eligimus

124 1500 186 1542 nec
209 1478 378 1542 eruimus..

207 1577 248 1640 In
267 1601 299 1642 v.
321 1577 372 1641 26.
400 1575 511 1641 variae
539 1573 692 1640 lectiones
720 1576 760 1640 ab
787 1578 925 1642 avanae
951 1584 982 1642 et
1006 1578 1101 1642 miser
1126 1576 1213 1643 leves

124 1683 197 1741 sunt
216 1699 295 1760 prae
317 1677 389 1763 ipsa
408 1676 581 1741 verborum
603 1675 773 1758 sententia,
803 1698 884 1760 quae
911 1676 1041 1762 quidem
1062 1677 1134 1741 talis
1158 1686 1214 1762 est,

122 1785 157 1840 ut
177 1777 282 1861 quivis
307 1775 347 1840 de
369 1775 478 1839 media
504 1775 598 1840 turba
624 1784 678 1839 aut
699 1775 834 1839 avaritia
855 1785 909 1839 aut
930 1777 1102 1842 ambitione
1125 1776 1212 1842 labo·

123 1898 197 1940 rare
220 1884 403 1958 censeatur,
436 1874 522 1961 quod
544 1877 740 1938 enuntiatum
762 1873 824 1938 duo
846 1883 967 1939 tantum
986 1876 1066 1941 vitia
1085 1876 1212 1941 mediae

121 1975 235 2040 turbae
258 1975 451 2039 constituens
474 1996 570 2058 quam
592 1975 632 2037 sit
652 1995 849 2059 perversum,
872 1983 903 2039 et
922 1997 982 2061 per
997 1998 1032 2040 se
1049 1976 1115 2039 iam
1129 1975 1214 2041 lucet

123 2084 154 2138 et
175 2096 217 2137 ex
237 2098 268 2138 v.
287 2074 338 2137 27.
370 2074 434 2138 Hic
454 2086 621 2158 nuptarum
640 2075 759 2138 insanit
780 2073 945 2156 amoribus,
974 2076 1026 2140 bic
1040 2099 1212 2161 paterarum

123 2174 299 2238 clarissime
331 2180 481 2260 apparet,
515 2173 590 2256 quia
627 2171 685 2237 hos
711 2195 836 2237 amores
863 2195 958 2237 nemo
988 2175 1109 2239 autad
1137 2198 1211 2240 ava·

121 2273 227 2337 ritiam
254 2281 309 2335 aut
340 2272 380 2335 ad
407 2271 615 2336 ambitionem
640 2282 826 2359 retorquere
840 2273 1031 2338 conabitur.
1074 2274 1213 2340 Videtur

121 2373 221 2459 igitur
246 2370 439 2435 versiculum
459 2372 511 2435 26.
545 2371 744 2435 versificator
775 2370 904 2456 quidam
929 2373 1091 2437 Romanus
1126 2396 1211 2438 com·

121 2473 267 2559 pegisse,
295 2471 350 2556 qui
371 2492 467 2555 quam
489 2469 630 2534 eruditus
652 2471 758 2553 fuerit,
779 2471 849 2557 ipsa
870 2473 967 2536 etiam
988 2495 1091 2559 prava
1112 2473 1211 2539 dictio

121 2574 159 2638 ob
181 2572 349 2636 auaritiam
368 2570 491 2634 laborat
503 2570 596 2635 nobis
611 2569 727 2656 prodit,
748 2592 885 2656 namque
900 2573 939 2635 ab
954 2573 1101 2653 avaritia,
1123 2573 1212 2658 quod

123 2671 210 2736 solae
232 2670 438 2735 membranae
459 2669 597 2733 Marcilii
624 2670 708 2733 tueri
734 2670 894 2753 feruntur,
921 2669 1008 2736 haud
1037 2671 1135 2736 dubie
1166 2695 1208 2736 ex

122 2771 299 2857 posteriore
317 2768 445 2834 demum
466 2771 664 2833 correctione
687 2769 820 2854 exstitit,
840 2769 925 2835 unde
947 2794 1029 2835 unus
1042 2772 1132 2836 Feae
1148 2771 1209 2837 od.

122 2870 203 2934 adeo
226 2870 264 2934 ab
286 2870 455 2935 ocentiam
474 2867 583 2933 habet.

121 3037 153 3088 V.
171 3036 211 3088 ³³.
324 3033 419 3084 Omnes
436 3033 477 3083 his
494 3037 612 3084 metuunt
627 3049 751 3099 versus,
768 3035 846 3085 odere
862 3039 983 3099 poetas.

206 3166 304 3231 Cuius
325 3167 453 3252 generis
476 3175 509 3231 et
528 3188 640 3230 versus
663 3175 695 3230 et
716 3176 831 3253 poetae
845 3166 1045 3252 intelligendi
1067 3168 1140 3251 sint,
1162 3169 1208 3232 in-

119 3277 280 3353 terpretes
308 3265 401 3330 valde
430 3265 606 3351 ambigunt.
654 3265 842 3331 Heindorfio
871 3265 992 3330 dictum
1022 3267 1210 3333 videbatur:

123 3369 202 3432 alan
224 3365 328 3429 diesen
347 3367 389 3428 iat
410 3365 516 3451 baaye,
537 3389 583 3429 wo
604 3367 649 3430 sie
670 3366 761 3430 Verre
781 3368 884 3447 lto'ren,
906 3389 951 3430 wo
966 3367 1011 3430 eie
1024 3391 1084 3431 aar
1098 3368 1212 3455 t'ryend

123 3469 210 3532 einen
230 3464 360 3529 Dichter
380 3464 478 3545 aeden,
500 3466 534 3528 in
545 3465 653 3550 jadera
674 3467 763 3530 ibren
782 3466 816 3529 F
813 3465 887 3530 eiad
897 3466 1079 3552 fdrcbtand.
1117 3467 1209 3554 Ergo

123 3566 267 3630 homines
290 3564 330 3628 de
351 3562 458 3627 media
478 3563 572 3628 turba
600 3572 632 3627 et
659 3586 768 3628 omnes
796 3563 1013 3644 formidabant
1037 3588 1151 3631 versus
1179 3577 1210 3632 et

124 3687 233 3731 omnes
257 3663 390 3728 oderant
407 3671 527 3750 poetas.
562 3662 685 3749 Ecquis
700 3673 805 3728 autem
818 3687 930 3729 versus
944 3673 1120 3750 poetasque
1137 3689 1208 3732 sese

124 3788 187 3830 non
214 3764 404 3849 attingentes
430 3772 550 3826 metuat
578 3773 609 3827 et
631 3762 757 3828 oderit?
799 3764 931 3828 Necnisi
953 3762 993 3828 de
1015 3787 1136 3850 genere
1157 3790 1207 3832 sa·

122 3866 213 3930 tirico
241 3885 345 3929 sermo
374 3872 435 3945 est,
466 3862 601 3927 Horatio
627 3862 728 3927 solum
756 3886 870 3927 causas
896 3874 1118 3950 expromente,
1152 3889 1209 3932 cur

123 3987 183 4031 sua
203 3964 323 4050 scripta
342 3963 484 4027 nondum
505 3961 649 4045 ediderit,
671 3985 732 4027 nec
752 3962 849 4049 vulgo
864 3964 1058 4028 recitaverit.
1085 3965 1207 4031 Versus

122 4065 230 4150 itaque
260 4072 292 4128 et
317 4071 433 4148 poetae
460 4071 533 4126 sunt
559 4063 678 4127 satirici
705 4071 736 4126 et
761 4063 914 4128 Horatius
940 4085 1013 4128 suos
1039 4064 1205 4130 dumtaxat

122 4186 235 4232 versus
245 4183 343 4249 seque
353 4171 478 4251 poetam
493 4161 658 4249 indigetat.
675 4162 783 4244 Quare
791 4163 935 4229 ornncsbi
942 4176 1078 4230 metuunt
1088 4189 1204 4248 vernae,
