2678 4642
394 259 430 307 m
451 258 641 308 surmunun
662 260 791 309 imnum
810 262 943 310 ramum
1170 244 1210 312 57

123 423 206 489 tibus
227 421 435 489 vehementer
455 425 608 490 abludere
630 426 695 516 iam
716 448 758 490 ex
778 425 976 492 mirabilibus
996 434 1084 513 patet
1097 427 1210 512 modis,

123 523 237 611 quibus
265 546 320 588 vv.
344 522 396 587 dd.
422 523 506 589 haec
525 525 628 590 verba
648 547 713 589 non
732 525 947 612 interpretari,
976 525 1035 591 sed
1056 526 1098 592 ad
1119 525 1211 593 libita

123 645 182 688 sua
213 623 344 709 explere
373 623 577 692 studuerunt.
635 624 686 689 Ita
716 625 920 690 Heindorfius
954 624 1036 690 haec
1067 626 1210 713 protudit:

120 722 187 805 Du,
208 723 335 804 Mdoen,
362 736 459 787 musst
479 724 527 788 uls
547 725 598 788 ein
617 724 716 788 Monn
736 747 795 789 uon
817 724 918 789 dieser
936 725 1157 812 Denleunpsart
1176 728 1211 796 in

122 821 178 886 der
218 822 309 886 Watt
337 820 444 886 deiner
474 822 620 886 Freunde
649 823 716 887 und
746 823 802 887 der
827 824 1047 911 Bourtlteilunp
1078 825 1219 890 underer'

121 921 292 1004 uberhaupt
312 944 373 984 nur
394 923 459 1008 auf
475 921 534 986 den
554 922 664 986 innern
683 920 768 986 Adel
785 922 889 1005 seiten,
911 923 976 987 und
996 925 1061 1005 iet,
1084 924 1140 988 der
1159 925 1211 989 iod

121 1021 202 1084 mich
233 1020 383 1107 ebenfods
413 1044 473 1084 uon
501 1020 556 1084 ἄεν
581 1022 712 1085 Ansiedt
738 1020 793 1085 des
816 1044 945 1108 prossen
972 1023 1118 1109 Houfens
1141 1025 1212 1088 weit

122 1119 277 1206 entferne,
299 1118 383 1197 dors
397 1121 479 1184 m'iolr
498 1121 583 1184 niolu
602 1143 661 1184 uon
689 1121 850 1185 Volksedre
869 1121 1027 1207 petlendet
1047 1123 1081 1186 in
1101 1123 1211 1186 luithere

130 1217 279 1298 Wr'irden,
314 1219 362 1282 uls
392 1221 454 1283 mir
477 1221 618 1305 peziemt,
652 1218 850 1306 eindrc'r'npen.
897 1220 988 1284 Denn
1011 1234 1124 1308 pesetrt
1149 1229 1209 1285 etc.

121 1315 307 1381 Herbstius:
347 1317 431 1395 Quid
451 1331 567 1403 oportet
587 1341 644 1383 nos
654 1320 784 1404 faeere,
812 1319 870 1405 qui
887 1345 907 1384 a
927 1319 1015 1407 culpo
1036 1321 1211 1407 tonprssirue

122 1416 334 1481 dissentientes
365 1441 427 1481 non
452 1431 607 1504 stupemus
639 1419 673 1482 in
700 1418 807 1482 titulis.
825 1429 853 1482 et
879 1418 1087 1505 r'ruupinrdus?
1125 1419 1211 1484 Num

122 1516 182 1580 etsi
206 1517 340 1603 ipnobili
362 1540 467 1580 sumus
488 1517 553 1581 loeo
574 1517 655 1597 nati,
685 1529 786 1581 tomen
806 1518 935 1582 honores
947 1517 1108 1603 petemus?
1148 1518 1229 1582 Mi·-

121 1616 211 1679 m'me.
261 1615 348 1679 Nom
366 1615 471 1702 focile
487 1617 568 1703 fieri
582 1628 688 1701 potest
717 1623 776 1680 ete.
812 1614 897 1680 'Sed
923 1615 1075 1681 Horatius
1099 1617 1210 1682 verbis

121 1715 169 1778 vel
189 1715 308 1795 merito,
331 1715 476 1799 quonium
496 1717 530 1779 in
543 1716 682 1801 propria
701 1738 763 1779 non
779 1715 859 1800 pelle
879 1717 1028 1800 quiessem
1041 1716 1210 1801 perspicue

121 1813 178 1896 ait,
205 1835 241 1876 se
267 1812 384 1899 populo
411 1835 452 1876 ex
472 1824 563 1899 parte
584 1835 714 1900 prorsus
735 1814 898 1897 assentiri,
928 1835 1005 1899 ergo
1027 1816 1210 1900 neutiquam

122 1911 218 1998 longe
239 1911 398 1998 longeque
421 1912 597 1996 dissentire,
623 1934 722 1998 quare
744 1914 831 1999 lonpe
851 1914 996 1999 loupeque
1017 1926 1147 1978 remotos
1167 1912 1210 1978 ad

122 2013 301 2099 praecisam
330 2000 561 2076 dissensionem
580 2034 733 2076 revocare
754 2034 819 2076 non
839 2010 922 2076 lieet.
963 2012 1103 2098 Decepit
1126 2015 1209 2078 viros

124 2111 323 2187 doctissimos
355 2119 551 2197 pervagatus
581 2134 657 2175 usus
682 2111 844 2198 participii
868 2112 1019 2197 temporis
1046 2113 1211 2198 praeteriti

122 2232 180 2298 pro
207 2210 374 2280 deficiente
404 2211 592 2296 praesentis.
638 2209 763 2296 Nempe
789 2235 809 2273 u
837 2211 926 2297 culpo
954 2210 1041 2297 ionpe
1066 2211 1211 2298 ionpeque
1269 2294 1272 2298 Ι

122 2323 253 2389 remotos
280 2320 389 2396 aperte
418 2308 559 2374 declarat
584 2311 641 2395 qui
663 2335 683 2375 a
709 2309 798 2396 culpo
826 2309 1002 2396 ionpissime
1021 2327 1211 2375 remoremur

122 2432 180 2473 seu
199 2410 369 2491 reiieimur,
392 2432 475 2495 quae
494 2409 650 2486 sententia
662 2409 719 2472 toti
731 2408 802 2473 loeo
817 2410 910 2472 unice
924 2409 1108 2494 respondet.
1140 2409 1208 2474 cfr.

124 2507 190 2578 sat.
212 2508 246 2591 I,
273 2509 310 2591 2,
337 2509 387 2573 65.
409 2529 457 2594 sq.
477 2532 600 2595 poenos
622 2508 714 2572 'dedit
733 2531 827 2595 usque
848 2531 999 2594 superque
1020 2533 1111 2595 quum
1131 2510 1210 2573 sutus

123 2621 166 2672 est
179 2609 301 2694 pugnis
322 2631 430 2672 coesus
441 2610 596 2694 ferroque
611 2609 737 2694 petitus.
780 2607 813 2691 I,
838 2606 867 2690 8,
888 2607 940 2671 46.
962 2607 1102 2693 disploso
1121 2621 1210 2672 sonat

122 2719 270 2792 quantum
290 2709 401 2772 uesieu.
443 2707 492 2791 H,
520 2707 554 2790 3,
579 2707 647 2771 183.
669 2707 751 2771 lutus
771 2707 859 2770 utin
880 2708 962 2771 eiroo
983 2708 1126 2792 spatiere.
1165 2705 1210 2790 Π,

124 2806 152 2891 7,
173 2806 225 2870 90.
248 2827 295 2891 sq.
318 2820 410 2871 neunt
422 2808 610 2894 foribusque
630 2807 785 2892 repulsum
797 2804 967 2890 perfundit
985 2805 1099 2892 polida.

123 2923 153 2975 V.
170 2926 211 2976 29.
253 2921 334 2973 Audit
350 2923 485 2973 continuo:
503 2923 560 2987 quis
578 2921 654 2972 homo
671 2921 714 2971 hic
731 2922 794 2971 est?
811 2936 862 2985 quo
880 2924 953 2985 patre
969 2923 1063 2971 natus?

205 3005 415 3069 Membranae
436 3013 502 3068 tum
521 3017 575 3086 est,
597 3013 663 3068 tum
683 3016 720 3086 et,
741 3012 807 3066 tum
822 3015 884 3084 out,
905 3011 972 3067 tum
986 3026 1025 3067 em
1037 3009 1209 3089 praestant.

122 3105 186 3169 Per
213 3127 248 3169 se
269 3103 357 3168 nulla
377 3103 489 3168 harum
510 3102 679 3168 lectionum
699 3100 877 3167 reiieienda
897 3109 959 3185 est,
987 3101 1046 3166 sed
1066 3114 1095 3166 et
1115 3109 1210 3186 atque
1322 3124 1325 3129 ·

124 3219 178 3268 out
199 3227 263 3269 non
284 3213 349 3268 tam
370 3205 404 3266 in
425 3203 580 3268 curiosius
602 3203 798 3267 sciscitantes
819 3223 915 3287 quam
931 3202 965 3264 in
978 3201 1148 3288 patientius
1162 3200 1209 3263 in-

126 3313 326 3390 terrogantes
360 3303 477 3368 eadere
509 3301 669 3387 videntur,
702 3323 800 3389 qnare
828 3309 993 3386 utrumque
1018 3299 1211 3366 vocabulum

125 3402 200 3468 huic
226 3391 298 3468 loco
324 3404 429 3467 minus
457 3403 611 3487 congruit.
653 3401 812 3467 Eamdem
835 3422 913 3466 vero
935 3400 977 3465 ob
998 3423 1128 3466 causam
1149 3419 1211 3463 nec
1237 3432 1240 3439 ·

123 3503 271 3589 vulgatae
304 3502 378 3567 illae
412 3503 613 3587 quaestiones
644 3503 713 3587 quis
740 3503 827 3566 tomo
855 3500 907 3565 dio
931 3499 995 3564 est?
1032 3523 1090 3587 quo
1114 3511 1211 3586 putre

123 3603 237 3666 nutus?
256 3601 349 3666 nobis
372 3601 543 3666 admodum
563 3600 699 3688 placent.
740 3599 898 3665 Malumus
920 3622 975 3664 eas
996 3601 1042 3664 ita
1061 3599 1094 3663 in
1114 3620 1210 3663 unam

124 3701 269 3766 conflari:
302 3703 371 3787 quis
392 3702 479 3766 domo
500 3701 559 3782 dio,
581 3713 703 3786 estque
717 3713 813 3786 patre
833 3699 947 3764 notus?
988 3698 1053 3765 Otr.
1077 3698 1144 3763 Sat.
1166 3697 1210 3781 II,

123 3802 159 3884 3,
187 3802 258 3865 201.
281 3823 329 3887 sq.
359 3799 459 3883 (317.)
516 3799 668 3877 Quorsum
686 3801 830 3881 insonus,
858 3798 937 3886 quid
955 3800 1035 3864 enim
1055 3798 1144 3864 Aiax
1155 3798 1210 3882 fe-

124 3901 187 3965 eit?
229 3900 335 3966 Carni.
358 3899 420 3982 III,
441 3900 491 3982 27,
513 3899 564 3964 37.
613 3898 708 3981 Unde,
729 3922 789 3984 quo
810 3897 900 3963 ueni?

123 4016 154 4068 V.
171 4018 212 4070 30.
229 4032 268 4083 sq.
334 4015 370 4066 Ut
387 4016 410 4065 si
428 4015 473 4080 qui
489 4019 605 4081 aegrotet
621 4030 672 4081 quo
688 4015 778 4065 morbo
795 4015 899 4085 Barrus,
916 4012 1007 4064 heberi

330 4099 372 4150 Ut
388 4098 477 4163 cupiat
492 4098 620 4149 formosus
637 4127 671 4136 -
1072 4099 1073 4102 ’

204 4198 330 4264 Vocula
349 4211 392 4281 ut,
414 4196 471 4263 ubi
490 4198 529 4281 is,
552 4197 632 4281 talis,
654 4209 766 4280 tantus,
787 4197 842 4280 itu,
864 4196 919 4281 sio,
941 4208 1014 4279 tum,
1035 4193 1123 4280 odeo,
1145 4207 1210 4263 tan·
