2678 4642
133 226 193 292 32·
454 224 456 228 '
556 241 790 291 conmortuus

133 406 177 472 ob
197 427 259 472 ovo
280 426 380 492 usque
399 406 443 472 ad
456 406 542 473 mala
554 409 586 472 io
599 407 722 472 Bacche
736 408 835 495 citans
849 405 954 472 facete
969 430 1041 473 cum
1055 431 1221 497 praecone

133 506 264 572 collatus
292 507 333 570 sit
353 515 385 571 et
405 508 514 572 citaret
533 507 620 571 idem
641 507 769 572 denotet
789 505 874 593 quod
895 507 1050 572 cmmaret.
1092 509 1222 575 Nomen

131 606 263 687 Bacche,
286 627 344 693 pro
366 626 429 691 quo
449 605 592 671 nonnulli
611 604 707 670 MSS.
728 605 872 670 Bacchae
892 605 1020 691 habent,
1041 607 1220 675 Horkelius

132 704 217 770 anal.
231 704 311 769 Hor.
326 727 357 790 p.
379 706 449 770 141.
471 705 555 770 bene
576 704 727 786 defendit,
749 705 807 770 sed
827 727 919 771 secus
941 706 1028 771 idem
1041 708 1093 773 vir
1107 707 1220 774 doctus

131 803 170 869 a?
178 804 276 869 adiici
302 802 416 888 voluit,
444 804 612 869 Horatium
632 826 756 891 negans
778 804 856 888 duas
877 827 930 870 res
951 807 1090 871 interae
1112 808 1219 874 diver·

130 927 184 969 sas
205 904 251 968 ita
271 903 305 967 in
324 926 421 968 unam
437 903 603 984 conflasse,
625 905 719 989 quasi
733 926 842 968 earum
856 905 1042 970 necessaria
1057 906 1219 991 quaedam

131 1003 310 1068 coniunctio
337 1011 436 1085 esset,
462 1023 567 1088 neque
593 1002 680 1067 idem
707 1004 866 1068 canticum
892 1004 1080 1090 saepissime
1108 1006 1219 1072 iterari

129 1110 237 1189 posset
261 1100 349 1166 nulla
375 1100 530 1164 eiusmodi
555 1103 797 1187 transpositione
823 1100 975 1167 adhibita.
1019 1103 1133 1190 Neque
1157 1127 1218 1171 nos

131 1201 320 1266 sententiam
339 1199 557 1287 improbamus
578 1199 770 1288 bipartitam,
792 1201 851 1266 sed
872 1201 1048 1288 asyndeton
1070 1203 1113 1269 ad
1129 1204 1217 1291 ipsos

130 1300 308 1366 cantilenae
328 1298 440 1364 modos
460 1299 630 1364 imitandos
651 1300 790 1366 maxime
812 1301 1007 1367 conveniens
1027 1323 1092 1366 non
1107 1326 1216 1392 suspe-

130 1409 215 1490 ctum
235 1398 401 1465 habemus.

129 1516 160 1568 V.
179 1518 218 1570 19.
236 1532 275 1582 sq.
665 1484 668 1490 ⁵
964 1516 1044 1577 Quid
1061 1519 1110 1568 tu‘?

275 1597 387 1648 Nullane
404 1597 486 1648 habes
502 1596 582 1648 vitia?
610 1595 673 1648 Imo
691 1596 754 1647 alis
771 1602 801 1648 et
815 1597 1099 1663 fortassominora.

209 1695 394 1784 Respondet
412 1705 521 1784 poeta:
543 1720 559 1762 e
580 1697 737 1760 coatram'o
751 1697 845 1761 liabeo
860 1699 938 1762 ot'tta
953 1699 1018 1763 alia
1033 1720 1128 1784 copae
1140 1700 1216 1785 for-

14 1840 16 1845 ·
128 1808 209 1862 tasse
230 1798 360 1862 animosa.
396 1797 470 1861 Hoc
491 1807 597 1860 tamen
617 1794 769 1883 responso
791 1819 880 1861 suam
894 1797 1024 1884 Tigellii
1041 1797 1216 1885 reprehen-

114 1896 250 1961 sionem
283 1897 469 1982 neutiquam
497 1895 685 1960 defensurus
713 1903 774 1979 est,
805 1919 880 1961 nam
907 1918 979 1960 eam
1005 1896 1067 1962 hoc
1093 1907 1216 1964 tantum

130 1994 263 2061 consilio
288 1996 467 2082 praemisit,
496 2004 530 2060 ut
557 1994 671 2082 vulgus
698 1994 739 2059 ad
767 2016 869 2081 genus
896 1995 1136 2083 reprehensoris
1158 2019 1215 2062 ex-

59 2106 64 2117 '
127 2094 316 2182 plorandum
336 2103 527 2182 provocaret
548 2103 580 2160 et
598 2103 789 2180 provocatus
811 2117 860 2178 ea,
883 2116 947 2180 qua
966 2118 1027 2181 par
1048 2107 1142 2181 esset,
1163 2121 1215 2163 ra-

127 2195 213 2258 tione
233 2192 331 2278 vulgo
353 2194 548 2280 respondere
569 2203 687 2281 posset.
720 2193 861 2280 Rogatus
882 2195 989 2280 igitur,
1010 2195 1139 2261 nullane
1157 2196 1215 2264 ha·

128 2291 205 2359 beat
225 2293 317 2377 vitia,
338 2315 432 2358 secus
453 2301 549 2380 atque
570 2292 685 2380 vulgus
706 2293 870 2380 profitetur
890 2293 1009 2379 libere,
1030 2317 1065 2360 se
1087 2318 1216 2383 quoque

72 2408 76 2418 ”
127 2393 206 2459 vitia
232 2392 369 2476 habere,
396 2392 453 2457 sed
481 2392 546 2458 alia
572 2415 674 2479 eaque
702 2393 837 2457 fortasse
863 2395 988 2460 minora
1013 2417 1070 2459 seu
1091 2396 1214 2461 medio·

127 2493 209 2576 cria,
232 2502 266 2557 ut
286 2493 330 2557 ait
351 2491 417 2557 Sat.
440 2492 471 2576 Ι,
495 2492 526 2576 4,
550 2493 619 2557 130.
642 2501 674 2556 et
694 2491 721 2575 Ι,
743 2493 772 2576 6,
795 2492 845 2557 65.
889 2493 960 2574 Quo
981 2493 1076 2559 modo
1096 2494 1215 2582 vulgus

127 2592 193 2656 suis
215 2593 307 2678 quasi
326 2591 449 2678 laqueis
470 2592 625 2655 irretitum
646 2591 689 2656 ad
708 2600 808 2656 semet
827 2593 931 2678 ipsum
952 2594 1216 2681 cognoscendum

127 2713 229 2776 eoque
257 2690 349 2755 simul
375 2691 416 2756 ad
437 2690 558 2756 leniora
578 2690 697 2756 iudicia
718 2691 758 2756 de
780 2690 851 2756 aliis
872 2692 1022 2758 facienda
1041 2693 1213 2761 inducitur.

128 2789 223 2872 Quod
244 2791 287 2855 ad
307 2792 526 2877 quaestionem
546 2790 625 2878 qaid
643 2791 699 2855 ta?
719 2792 837 2874 attinet,
858 2802 986 2877 praeter
1006 2793 1111 2879 Epod.
1133 2794 1160 2878 Ι,
1180 2795 1213 2861 5.

127 2898 159 2955 et
183 2891 285 2977 Epist.
313 2889 344 2974 Ι,
374 2891 407 2974 1,
434 2890 485 2954 91.
514 2889 687 2955 contendas
711 2890 814 2976 Epist.
835 2891 869 2975 Ι,
896 2892 932 2974 2,
962 2891 1011 2957 10.
1034 2914 1081 2979 sq.
1128 2893 1217 2972 Quid

125 2990 241 3055 Pam's?
289 2989 329 3055 Ut
348 2990 452 3056 salvae
475 3003 580 3077 repetet
600 2991 740 3075 creatque
760 2990 880 3072 beatas,
911 2992 983 3077 copi
992 3015 1089 3078 posse
1110 3007 1212 3081 nepot,

126 3088 183 3155 ubi
202 3089 304 3155 verba
330 3091 590 3154 att-„beatas
616 3110 816 3175 nequaquam
838 3090 978 3173 Paridis,
1007 3090 1066 3154 sed
1085 3091 1215 3159 Horatii

124 3188 274 3253 Paridem
299 3188 477 3254 cavillantis
504 3197 590 3273 sunt,
616 3187 732 3254 vocula
756 3202 791 3253 at
817 3210 894 3275 ergo
926 3211 969 3253 ex
993 3189 1095 3254 verbo
1119 3206 1213 3279 ceput

124 3288 243 3374 pendet
267 3310 371 3374 neque
401 3311 443 3354 ex
471 3290 553 3377 copi,
579 3288 623 3353 ad
648 3287 734 3373 quod
759 3291 916 3375 posterius
940 3297 1087 3376 repetere
1109 3290 1212 3357 debes

124 3389 197 3454 belli
206 3387 392 3475 praecidere
414 3412 548 3453 caueam.

123 3521 155 3574 V.
172 3512 216 3574 25.
230 3537 286 3588 sqq.
320 3522 406 3583 Quum
423 3525 469 3571 tua
485 3520 620 3586 pervideas
638 3519 720 3571 oculis
737 3519 818 3570 mala
834 3519 921 3585 lippus
940 3520 1062 3586 inunctis,

305 3604 374 3654 ‘Cur
389 3603 418 3652 in
434 3604 575 3653 amicorum
591 3604 660 3653 vitiis
677 3608 731 3652 tam
748 3604 831 3652 cernis
848 3609 961 3666 acutum,

321 3688 406 3749 Quam
423 3691 468 3737 aut
484 3685 573 3752 aquila
589 3691 635 3736 aut
651 3701 757 3751 serpens
772 3686 946 3752 Epidaurius?

205 3786 297 3851 Licet
321 3785 485 3872 vulgatum
511 3785 595 3850 mala
617 3786 651 3849 in
671 3785 830 3871 plerisque
852 3784 933 3849 cdd.
957 3794 1074 3869 exstet,
1101 3793 1210 3853 tamen

123 3887 200 3972 quin
219 3910 251 3951 v.
267 3886 287 3951 l.
308 3886 387 3950 male
408 3884 631 3972 anteponenda
651 3885 700 3967 sit,
721 3906 785 3948 non
806 3883 927 3949 dubito.
958 3885 1101 3950 Primum
1122 3888 1209 3952 enim

120 3998 176 4051 tua
195 3986 279 4050 mala
298 4007 362 4049 non
382 3993 448 4049 tam
471 3984 511 4048 dc
531 3985 672 4053 moribus
693 4006 788 4069 quam
810 3983 851 4048 de
873 4005 1006 4071 corpore
1030 3985 1078 4068 (ut
1097 3983 1163 4051 Sat.
1179 3986 1207 4070 I,

122 4085 152 4170 2,
173 4084 239 4168 92.)
261 4084 439 4170 intelligere
460 4083 544 4149 lieet.
580 4083 663 4148 Tum
684 4105 761 4148 vero
783 4083 917 4147 verbum
934 4084 1103 4171 possideas
1125 4086 1160 4169 (i.
1176 4108 1206 4153 e.

113 4207 270 4271 perquam
293 4182 413 4265 m'deas)
439 4184 684 4271 contrapositum
704 4183 782 4250 male
802 4183 907 4270 lqnpas
929 4185 964 4268 (i.
987 4205 1016 4250 e.
1039 4183 1207 4250 admodum
