2678 4642
392 251 428 300 m
449 249 640 300 saansaan
659 249 789 298 maun
808 250 942 299 naman
1019 239 1021 244 ’
1168 230 1227 298 59.

175 439 177 444 ·
223 450 225 455 -
319 416 475 468 Praesertim
491 421 596 468 cautum
613 416 706 484 dignos
723 431 860 479 assumere,
877 431 986 481 prava*
1042 400 1044 404 Α

231 497 232 501 ’
318 499 499 554 Ambitione
515 500 632 566 procul.
666 499 781 549 Felicem
798 499 882 549 dicere
898 514 952 549 non
967 496 1030 570 boot
1083 541 1084 544 ,
1152 493 1153 497 ’

319 582 364 632 Me
380 583 508 648 possim,
526 597 590 632 aasu
606 582 677 648 quod
692 586 719 632 te
736 582 841 632 sortitus
858 584 970 631 amicum
984 607 1019 641 7
1083 649 1096 659 θ’

172 711 356 799 *Lagaria
375 715 494 800 potius:
515 715 590 800 qaia
610 737 680 796 non,
701 727 736 777 nt
748 713 852 800 forsit
871 712 1023 794 tanmem,
1043 711 1114 775 aare
1133 711 1215 776 mebi

87 897 88 900 Ἴ
113 810 262 878 'snm‘deat
290 815 392 899 quinis
419 815 464 878 ita
491 826 520 877 te
547 836 664 899 quoqne
691 815 838 893 amicam,
868 811 1018 896 quoniam
1045 808 1210 896 vulgatum

84 960 86 965 ·
120 913 198 999 qaia
216 915 346 977 nonita
366 926 394 977 te
416 935 532 998 qaoque
553 914 687 976 amicam
709 910 816 974 durius
832 919 889 974 est.
923 908 1089 974 Gravioris
1103 918 1211 974 autem

62 1008 64 1013 ’
121 1011 274 1077 momenti
303 1020 351 1077 est
375 1022 464 1076 recta
485 1010 656 1076 verborum
670 1034 777 1096 prava
798 1010 962 1074 ambitione
975 1009 1092 1093 praem
1109 1007 1210 1095 appli-

122 1111 216 1175 catio.
258 1110 351 1175 Haec
379 1110 508 1196 quidem
526 1119 590 1183 ,aut
618 1109 660 1174 ad
679 1108 902 1174 Maecenatem
928 1116 983 1172 aut
1008 1106 1051 1172 ad
1072 1108 1140 1172 eius
1161 1108 1209 1172 fa·

121 1208 263 1276 miliares
284 1211 479 1292 referuntur3
504 1218 724 1275 verumtamen
743 1206 926 1291 Maecenas,
948 1208 976 1271 si
997 1229 1148 1295 umquam
1168 1206 1210 1273 ab

120 1307 255 1373 Horatio
268 1304 376 1394 prava
397 1309 568 1375 ambitione
590 1308 673 1373 liber
687 1306 790 1372 dictus
805 1308 854 1390 sit,
877 1316 962 1371 certe
978 1320 1086 1371 cantas
1101 1306 1212 1393 dipnoa

121 1431 276 1474 assumere
288 1431 395 1494 prava
415 1410 579 1474 ambitione
594 1408 710 1494 procat
729 1406 794 1471 diei
814 1428 879 1470 non
899 1415 1031 1492 poterat,
1053 1405 1211 1491 quiahoc

122 1509 217 1572 effato
232 1530 341 1594 prava
362 1508 393 1572 ei
413 1508 544 1572 ambitio
565 1509 599 1571 in
621 1506 803 1571 universum
824 1507 976 1592 imputata
998 1514 1095 1588 esset,
1116 1527 1213 1591 quam

121 1606 216 1672 modo
242 1607 277 1671 in
302 1607 414 1671 amieis
437 1606 594 1693 eligendis
616 1615 726 1672 cautus
747 1606 888 1671 vitasset.
930 1603 1110 1670 Videantur
1131 1626 1210 1691 ergo

121 1705 225 1770 verba
247 1728 354 1791 prava
384 1706 548 1771 ambitione
570 1707 688 1792 pracati
710 1704 753 1771 ad
780 1704 890 1792 ‹iiynos
915 1705 1075 1791 pertinere
1082 1753 1092 1786 ,
1124 1703 1212 1790 quod

123 1804 254 1890 quidem
281 1803 411 1870 dicendi
436 1827 537 1891 genus
565 1805 652 1870 haud
671 1802 883 1890 improbabile
901 1812 962 1867 est.
1006 1803 1072 1868 Otr.
1096 1803 1162 1868 Sat.
1183 1803 1211 1887 I,

122 1903 156 1986 3,
184 1903 236 1968 68.
268 1905 355 1968 m'tiis
385 1926 471 1969 nemo
501 1907 568 1969 sirm
593 1906 741 1969 nases'tar.
791 1901 891 1988 Soph.
918 1901 1034 1967 Trach.
1062 1903 1133 1966 962.
1162 1924 1211 1987 sq.

123 2002 213 2088 ἆγχοῦ
229 2014 257 2069 δ’
272 2013 292 2069 ὅ
310 2018 390 2071 anob
406 2012 521 2093 μακριῖν
539 2013 780 2090 aquiscintense.
806 2014 879 2070 ὄντα.
931 2000 975 2067 Ab
1012 2023 1115 2088 prava
1145 2023 1211 2065 am·

122 2100 199 2167 bitio
227 2125 249 2188 q
327 2088 382 2165 bst-
410 2124 536 2187 quoque
563 2103 626 2166 sibi
651 2098 752 2166 velit?
793 2101 848 2166 An
879 2093 989 2166 omnes
1011 2101 1212 2187 coaptatione

122 2199 320 2267 Maecenatis
348 2200 414 2265 iarn
440 2200 531 2286 digni
551 2200 684 2283 fuerint,
711 2200 767 2285 qui
786 2224 888 2288 prava
908 2199 1124 2266 tantummodo
1145 2221 1211 2264 am·

124 2298 244 2365 bitione
280 2299 375 2364 soluti
406 2300 537 2364 essent?
585 2299 719 2363 Minime
750 2322 839 2369 vero.
886 2300 956 2365 Iam
988 2323 1086 2386 quum
1110 2300 1214 2365 verba

115 2421 219 2485 pram
244 2399 407 2464 ambitione
428 2399 543 2484 moad
562 2420 626 2463 nee
647 2399 689 2464 ad
709 2397 932 2465 Maecenatem
952 2420 1058 2486 neque
1081 2398 1213 2463 adsim

123 2499 243 2563 amicos
271 2496 428 2585 applicari
453 2507 584 2584 queant,
609 2507 709 2563 restat
736 2498 915 2583 dumtaxat,
941 2507 977 2564 ut
1000 2507 1117 2586 puncto
1142 2505 1214 2585 post

123 2620 278 2662 asseruere
302 2598 407 2684 posito
435 2596 518 2662 haec
544 2607 784 2684 componantur:
825 2598 933 2664 Pnaaa
959 2599 1123 2663 ambitione
1135 2620 1214 2683 pro·
1270 2628 1275 2635 ·

124 2697 175 2760 eni
184 2697 316 2783 felicem
337 2696 440 2761 dicere
460 2721 522 2762 non
542 2699 599 2762 boc
619 2723 666 2763 me
678 2700 809 2784 possein,
834 2699 856 2762 i.
879 2720 909 2763 e.
922 2720 1029 2783 prava
1049 2698 1214 2762 ambitione

123 2796 265 2884 reiepata.
309 2794 376 2861 Otr.
400 2794 466 2860 Sat.
488 2795 523 2879 I,
547 2797 594 2880 10,
616 2796 677 2861 92.ν
709 2798 885 2862 Ambitione
906 2798 1042 2884 neiepata
1062 2809 1090 2860 te
1112 2796 1214 2860 dicere

116 2918 259 2980 possam,
287 2916 348 2980 quo
376 2893 446 2959 loco
475 2895 572 2960 etiam
599 2917 632 2960 v.
654 2895 705 2961 53.
725 2920 866 2983 possam,
894 2895 981 2980 quod
1001 2895 1108 2982 plures
1130 2894 1213 2960 Odd.

124 2995 274 3078 offerunt,
301 2993 431 3059 defendi
455 3016 551 3079 posse
576 2993 740 3079 videatur,
767 2993 825 3059 sed
852 2995 1072 3060 coniunctivus
1090 2995 1215 3080 possim

125 3115 223 3178 quum
243 3115 302 3180 per
329 3115 364 3158 se
385 3093 451 3157 iam
471 3093 690 3177 verisimilior,
718 3103 784 3158 tum
805 3094 879 3158 ideo
899 3095 1017 3158 rectior
1038 3102 1100 3177 est,
1128 3091 1215 3178 quod

125 3190 178 3258 hic
199 3214 253 3257 res
276 3193 447 3278 attingitur,
469 3194 568 3261 utita
589 3191 703 3276 dicam
725 3192 962 3278 delicatissima,
984 3215 1067 3280 quae
1083 3191 1215 3258 modum

127 3292 331 3357 urbaniorem
352 3292 494 3378 requirit.
537 3292 578 3358 V.
601 3292 645 3357 ad
665 3291 732 3357 Sat.
753 3292 780 3376 I,
801 3293 831 3377 4,
854 3293 903 3358 70.

128 3451 129 3456 ,
205 3390 281 3456 Non
307 3390 460 3456 dissimile
488 3391 697 3457 distinotionis
724 3391 838 3457 vitium
864 3391 982 3458 insedit
1009 3390 1116 3456 Germ.
1137 3389 1165 3474 I,
1185 3389 1214 3473 7,

124 3489 175 3555 27.
217 3490 278 3554 Nil
301 3491 527 3576 desperandam
552 3491 668 3557 Teucro
695 3491 772 3558 duce
799 3505 828 3557 et
848 3493 975 3578 auspice
999 3492 1132 3574 Teucro,
1159 3488 1216 3555 ubi

123 3596 197 3677 post
230 3592 356 3675 caspiae
388 3589 480 3655 colon
511 3590 732 3656 collocandum
764 3599 796 3655 et
826 3613 962 3677 sequens
995 3591 1112 3655 Teucro
1142 3610 1215 3654 cum

124 3688 225 3754 verbo
239 3691 390 3775 promisit
411 3688 625 3776 copulandum
646 3699 703 3756 est.
736 3689 799 3756 Vel
811 3691 847 3754 in
861 3691 985 3756 fraudis
1000 3689 1216 3777 suspicionem

124 3789 212 3853 venit
228 3789 306 3853 viris
324 3789 543 3854 eruditissimis
561 3799 628 3854 tota
647 3799 761 3876 quarta
774 3790 905 3878 stropha
915 3789 1022 3856 Oarm.
1033 3789 1095 3873 HI,
1109 3788 1160 3853 23.
1173 3785 1215 3852 ob

126 3887 241 3954 falsam
267 3889 465 3974 potissimum
482 3889 777 3976 interpunctionem.
815 3889 852 3954 Si
872 3912 930 3977 pro
951 3897 1067 3976 puncto
1089 3888 1217 3973 signum

125 3988 382 4074 interrogationis
414 3996 486 4074 post
515 4011 629 4054 vocem
657 3991 740 4055 mica
765 3990 955 4073 restitueris,
985 3998 1052 4052 tam
1073 3987 1215 4052 enuntia·

124 4088 245 4153 tionem
258 4088 366 4153 verbis
380 4090 579 4174 praegressis
594 4090 776 4174 argumenti
789 4090 889 4154 instar
904 4088 1020 4175 optime
1030 4086 1217 4152 adiunctam

126 4208 224 4274 quarn
235 4188 356 4252 exitum
368 4187 517 4253 carminis
529 4186 800 4275 elegantissimum
809 4188 956 4255 habebis.
979 4187 1145 4254 Sententia
1154 4187 1216 4253 soi·
