2678 4642
173 193 215 258 64
596 205 829 256 oonmcrsnnn
917 259 926 285 ,

171 372 358 462 terpolatum
386 371 511 456 iudico,
541 371 603 438 hoc
634 372 675 438 de
707 373 889 438 coniectura
918 394 1091 460 reponens:
1122 373 1260 437 millibus

174 487 264 560 atque
286 471 363 538 ullus
383 475 466 554 vive,
489 473 583 536 sicuti
602 471 738 558 legimus
759 473 862 558 Epist.
884 471 911 555 Ι,
935 473 984 556 10,
1005 473 1055 537 20.
1077 496 1151 537 neve
1163 486 1260 558 potes

172 573 268 637 olium
293 573 429 656 sapiente
457 571 591 658 bonoque
620 572 749 634 beatum.
777 571 821 654 Π,
844 572 871 654 1,
893 571 965 635 240.
994 573 1077 639 alim
1103 572 1258 657 Ispseppo.

119 670 121 674 ⁴
173 671 323 736 Ceterum
356 671 437 734 clius
462 676 533 757 post
565 669 753 734 commodetis
783 692 825 734 ne
855 678 887 736 te
921 671 1068 753 offendat,
1101 669 1258 734 contende

172 770 239 836 Sat.
260 769 288 853 Ι,
308 769 338 853 4,
362 769 431 832 107.
454 791 501 854 sq.
519 792 626 853 poree,
641 769 817 856 frupolr'ter
838 782 929 854 atque
957 771 1089 835 viverem
1114 771 1165 834 uti
1191 793 1260 834 con·

172 883 271 934 tentus
292 893 335 950 eo,
357 867 440 954 quod
460 863 507 932 mi
523 869 591 954 qne
608 881 763 953 parasset.

171 986 203 1038 V.
221 987 277 1038 122.
294 999 350 1050 sqq.
371 983 412 1033 Ad
429 986 548 1048 quartam
563 983 651 1045 iace03
668 987 727 1050 post
743 983 811 1033 hanc
826 999 910 1050 vagor
927 987 981 1033 aut
998 999 1054 1050 ego
1072 984 1159 1034 lecto

367 1066 427 1116 Aut
444 1067 582 1130 scripto,
601 1066 671 1131 quod
687 1080 729 1114 me
744 1066 852 1115 tacitum
867 1067 952 1128 iuvat;
969 1082 1073 1132 unguor
1088 1066 1158 1118 olivo

367 1148 427 1198 Non
445 1164 496 1213 quo
513 1148 640 1198 fraudatis
656 1148 803 1197 immundus
820 1148 900 1198 Natta
916 1149 1037 1200 lucernis.

254 1261 406 1327 Nondum
428 1272 495 1326 orto
515 1262 582 1328 sole
610 1261 732 1328 solebat
758 1263 910 1327 Horatius
936 1264 969 1327 in
997 1262 1112 1343 lectulo
1128 1267 1198 1328 'suo
1224 1264 1259 1328 in

172 1361 317 1428 habitum
339 1362 491 1426 studentis
514 1363 704 1448 compositus
720 1370 774 1426 aut
792 1361 902 1447 legere
917 1371 971 1427 aut
985 1363 1136 1428 scribere.
1169 1362 1257 1427 Alte·
1322 1403 1324 1407 ν

171 1485 245 1527 rum
267 1463 362 1526 etiam
384 1470 576 1531 contestatur
596 1461 699 1547 Epist.
713 1460 757 1544 Π,
781 1462 808 1544 1,
833 1462 903 1525 111.
926 1483 995 1547 sqq.
1021 1461 1095 1548 Ipm
1117 1486 1181 1550 epo,
1204 1463 1262 1548 qai

171 1562 271 1632 nullos
291 1584 337 1624 me
352 1561 476 1647 offirmo
496 1561 629 1624 seribere
649 1583 763 1642 versus,
778 1563 920 1625 citoem'or
937 1561 1065 1626 Parthis
1078 1561 1259 1626 mendacior

172 1674 202 1725 et
214 1663 311 1747 prius
332 1673 398 1723 orto
417 1661 479 1724 sole
499 1661 579 1748 or'pr’l
597 1660 749 1724 colomam
769 1672 798 1724 et
819 1661 942 1724 chortes
963 1673 992 1723 et
1012 1661 1131 1724 scrinia
1142 1683 1253 1744 posco.

170 1760 346 1847 Propterea
366 1759 432 1822 iam
452 1757 614 1823 Bentleius
636 1759 784 1823 collecto
806 1771 860 1823 oct
879 1761 1011 1844 compto,
1037 1759 1122 1844 quod
1145 1782 1192 1822 me
1213 1772 1258 1824 tc-

133 1933 138 1938 ,
172 1862 265 1925 citum
285 1859 367 1923 canet
389 1858 428 1922 de
450 1867 592 1944 tempore
613 1879 714 1942 usque
736 1857 779 1922 ad
800 1844 946 1943 quartam
967 1853 1079 1922 horam
1099 1867 1186 1922 recte
1208 1858 1257 1922 in·

171 1959 301 2042 tellexit‚
322 1956 468 2043 beneque
489 1955 670 2021 Meinekius
691 1957 818 2021 tacitum
846 1957 888 2021 ad
914 1966 1041 2044 poetam
1066 1957 1173 2021 retulit
1199 1980 1256 2022 va·

171 2067 312 2145 gantem,
335 2056 376 2121 de
398 2077 460 2143 quo
481 2055 655 2120 meditandi
675 2077 763 2120 more
784 2056 868 2120 inter
882 2055 1109 2121 ambulandum
1124 2079 1256 2140 accura-

171 2160 285 2222 tiorem
305 2154 406 2221 habes
427 2155 620 2219 mentionem
646 2154 711 2219 Sat.
733 2154 760 2239 Ι,
782 2155 812 2220 9.
834 2155 936 2241 princ.
980 2154 1118 2220 Orellius
1146 2165 1258 2221 contra

170 2256 339 2321 Horatium
367 2252 429 2318 hoc
456 2252 637 2340 eloquutum
668 2252 872 2341 opinabatur:
906 2264 997 2342 „post
1028 2264 1182 2342 quartam.
1203 2265 1258 2320 aut

171 2377 283 2441 vagor,
306 2354 374 2418 sine
393 2361 479 2417 certo
502 2353 632 2418 consilio
654 2352 737 2418 solus
753 2353 866 2417 incedo
888 2402 971 2414 ...-
990 2363 1053 2437 aut‚
1075 2356 1102 2419 si
1115 2353 1178 2420 hoc
1191 2377 1257 2419 non
1289 2345 1292 2350 ’

170 2455 289 2542 placet,
321 2475 425 2539 ungor
456 2451 548 2529 oleo“
575 2456 638 2517 etc.
693 2451 969 2532 Quemadmodum
1003 2453 1153 2519 semicolo
1185 2463 1258 2541 post

172 2578 270 2641 vapor
290 2553 435 2644 apflsito
458 2551 563 2616 adhuc
584 2550 729 2621 voculam
755 2565 809 2615 aut
835 2574 907 2616 cum
933 2551 1032 2618 verbo
1059 2577 1155 2640 vapor
1181 2575 1255 2617 con·

171 2662 300 2718 nectere
314 2653 459 2739 potuerit,
474 2674 532 2717 nos
546 2673 610 2716 non
624 2649 930 2736 comprehendimus.
962 2652 1054 2716 Idem
1068 2676 1122 2741 epo
1135 2653 1179 2717 ait
1188 2675 1256 2717 ma·

91 2773 93 2777 ’
169 2753 284 2816 nifesto
301 2752 349 2817 ad
371 2749 505 2816 verbum
526 2775 650 2840 unguor,
661 2751 836 2837 pertinere3
858 2750 1020 2815 Bentleius
1038 2761 1144 2816 autem
1158 2776 1257 2840 ocyor

170 2876 224 2940 epo
247 2859 430 2916 construens
445 2850 507 2915 hac
520 2850 717 2937 pronominis
732 2850 919 2915 traiectione
933 2850 1012 2915 nihil
1025 2852 1168 2915 usitatius
1184 2874 1255 2916 esse
1314 2856 1316 2860 ”

170 2973 306 3037 eamque
327 2950 408 3015 adeo
430 2950 623 3036 elegantiam
644 2948 815 3035 quamdam
835 2973 914 3037 prae
935 2973 970 3015 se
985 2951 1069 3027 ferre
1084 2949 1255 3034 contendit,

169 3050 303 3116 laudans
332 3049 398 3115 Sat.
420 3049 497 3133 Ι,4,
521 3049 590 3113 133.
612 3071 660 3135 sq.
689 3073 782 3134 quum
808 3049 935 3114 lectulus
963 3063 1016 3114 cut
1043 3073 1090 3114 me
1109 3051 1257 3134 porticus

171 3152 298 3236 eaecqrit.
341 3149 438 3214 Cuius
460 3148 587 3234 generis
609 3169 685 3212 sane
706 3146 797 3234 plura
817 3149 993 3235 specimina
1014 3158 1147 3232 exstant,
1169 3148 1257 3213 velut

169 3273 202 3315 v.
225 3251 275 3316 88.
303 3249 372 3314 laus
398 3249 448 3312 illi
473 3247 597 3311 debetur
622 3261 651 3312 et
676 3273 696 3312 a
720 3271 767 3312 me
793 3250 900 3335 pratris
926 3251 1037 3314 maior.
1070 3247 1137 3312 Sat.
1159 3247 1203 3331 H,
1225 3249 1256 3333 2,

172 3350 221 3414 ll.
244 3371 313 3434 sqq.
335 3347 474 3432 acupile
494 3347 583 3411 veloce
603 3360 808 3412 —sente
829 3346 935 3410 discus
955 3349 1030 3435 opit.
1065 3347 1109 3430 Π,
1131 3347 1160 3430 3,
1182 3348 1254 3412 318.

170 3440 218 3535 sq.
255 3450 353 3514 Tanto
374 3471 467 3534 qaum
487 3448 587 3534 mopr's
607 3459 696 3532 etque
717 3469 749 3510 se
763 3424 1009 3534 mopr'acirfldret.
1042 3446 1086 3529 Π,
1098 3447 1128 3530 8,
1138 3446 1189 3511 51.
1205 3469 1253 3533 sq.

140 3596 143 3601 »
169 3549 293 3614 Eronos
313 3547 439 3627 arrides,
467 3545 571 3610 citulm
598 3569 651 3633 epo
670 3546 797 3631 primm
823 3568 949 3610 amores
974 3546 1148 3610 monstrari
1170 3547 1254 3611 inco·

169 3671 269 3732 quere.
307 3645 401 3710 Adde
422 3645 525 3732 Epist.
547 3644 573 3727 Ι,
595 3646 625 3727 5,
648 3643 676 3708 l.
710 3642 817 3707 Oarm.
838 3642 865 3726 Ι,
886 3643 916 3726 9,
940 3643 988 3709 16.
1015 3643 1042 3728 Ι,
1063 3645 1113 3728 21,
1136 3644 1187 3709 21.
1209 3643 1254 3728 II,

164 3738 218 3830 17,
243 3746 290 3810 17.
312 3745 370 3828 IV,
393 3746 420 3828 7,
442 3745 493 3835 23.
535 3744 579 3807 At
612 3751 725 3808 cuneta
755 3741 837 3806 haec
870 3742 1019 3830 exempla
1045 3752 1152 3808 nostro
1181 3766 1254 3809 cum

169 3845 250 3928 loco,
271 3844 328 3909 ubi
348 3866 412 3908 non
433 3866 538 3926 unum,
560 3841 619 3906 sed
638 3840 731 3928 plura
751 3841 852 3906 verba
872 3841 1026 3907 habemus
1049 3851 1145 3927 atque
1161 3842 1254 3908 alteri

168 3947 296 4010 demum
316 3966 490 4031 pronomen
504 3941 646 4005 additum
661 3949 716 4024 est,
730 3962 795 4005 non
809 3940 902 4027 plane
919 3933 1105 4027 congruunt.
1137 3941 1252 4028 Neque

167 4045 229 4110 huc
251 4053 372 4131 spectet
392 4042 459 4108 Sat.
473 4041 499 4124 Ι,
516 4041 563 4124 10,
578 4040 629 4104 98.
661 4040 801 4105 Demetri
818 4055 912 4127 teque,
940 4041 1066 4129 Tepelte,
1089 4040 1145 4106 ubi
1168 4050 1252 4105 cete-

166 4145 259 4230 roqui
279 4142 380 4208 solum
400 4128 457 4228 qne
477 4139 700 4227 transpositum
721 4149 777 4226 est,
797 4149 832 4206 ut
852 4140 1116 4228 frequentissime.
1143 4139 1251 4228 Magis
