2678 4642
341 255 376 303 nr
398 253 588 303 33333333
608 244 943 300 omasusucuunun
1125 231 1184 299 107

96 423 128 476 V.
146 424 186 476 27.
204 437 260 489 sqq.
692 419 761 469 Num
776 418 888 468 vescens
903 418 964 480 ista,

297 506 383 567 Quam
399 502 500 566 laudas,
517 501 623 568 pluma?
652 501 734 552 Coeto
751 517 814 551 num
831 501 906 551 adest
921 501 1005 559 honor
1019 498 1107 549 idem?

297 587 404 638 Carne
421 591 525 636 tamen
543 586 687 651 quamvis
705 585 806 634 distat
822 583 903 635 nihil
918 583 978 634 hac
994 583 1096 649 magis
1112 580 1185 633 illas

296 669 442 735 Imparibus
458 669 549 720 formis
566 669 703 733 deceptum
718 671 745 718 te
761 671 840 733 patet.

180 819 302 884 Versus
323 819 374 883 29.
408 817 602 882 Horatianus
623 816 752 902 quidem
774 839 845 882 esse
865 815 1001 898 videtur,
1023 812 1081 880 sed
1101 813 1185 879 malo

98 918 240 1006 profecto
255 927 339 982 astro
360 927 462 1001 natus,
483 937 621 1002 namque
643 918 698 1002 qui
719 938 757 981 eo
779 917 819 980 sit
838 917 942 1001 magis
962 922 1107 998 vexatus,
1128 914 1186 978 vix

99 1042 140 1084 ac
160 1041 201 1083 ne
222 1019 280 1083 vix
301 1017 431 1105 quidem
451 1017 604 1102 reperias.
645 1016 743 1081 Haud
769 1016 865 1102 pauci
885 1039 938 1080 vv.
968 1013 1021 1079 dd.
1050 1035 1122 1078 eum
1144 1013 1187 1079 ad

99 1120 302 1207 quaestiones
316 1139 526 1204 praegressas
548 1115 725 1202 adiungunt
745 1125 776 1181 et
796 1117 929 1182 vesceris
944 1136 986 1178 ex
998 1136 1030 1178 v.
1044 1113 1095 1177 27.
1111 1136 1185 1201 sup·

99 1218 204 1307 plent,
237 1216 373 1304 proinde
406 1217 498 1302 quasi
524 1214 657 1280 alteram
682 1217 963 1302 interrogationem
992 1213 1086 1297 (cocto
1112 1231 1187 1280 num

99 1319 189 1384 adest
209 1318 307 1383 donor
327 1316 441 1398 ederat)
464 1316 551 1380 sicco
571 1316 655 1402 pede
676 1316 811 1379 transire
831 1317 1000 1402 possimus.
1044 1313 1139 1394 Quod
1159 1314 1188 1378 si

100 1418 171 1483 fieri
191 1425 308 1504 posset,
330 1417 467 1505 primum
488 1414 558 1480 aliis
581 1416 676 1479 etiam
693 1415 847 1501 exemplis
863 1436 958 1500 quam
972 1413 1079 1478 Oarm.
1093 1413 1120 1498 Ι,
1137 1412 1186 1498 13,

97 1519 150 1582 20.
173 1540 318 1603 suprema
345 1517 438 1581 citius
457 1569 558 1581 ...-
580 1514 683 1579 dicet
703 1514 767 1598 IV,
791 1514 844 1599 14,
868 1514 917 1578 13.
931 1512 1009 1600 plus
1029 1515 1095 1578 vice
1114 1514 1187 1578 333·

94 1618 178 1704 plici
202 1614 415 1681 evincendum
440 1615 536 1697 foret,
562 1614 730 1678 Horatium
758 1565 817 1679 333
843 1615 944 1701 333933
972 1613 1028 1678 itta
1055 1614 1188 1678 33333333

98 1737 156 1804 pro
184 1717 243 1781 333
268 1717 370 1803 333933
397 1740 490 1800 quam
510 1663 565 1778 ida
591 1716 724 1778 33333333
752 1713 886 1797 dixisse,
913 1713 1032 1798 quippe
1057 1710 1114 1776 illa
1140 1710 1186 1777 lo·

98 1816 218 1903 quendi
244 1815 325 1880 ratio
352 1835 417 1879 non
447 1815 492 1878 ita
516 1836 591 1878 rara
618 1821 674 1878 est.
718 1811 773 1878 sic
798 1813 907 1899 Nepos
935 1810 1048 1876 Them.
1075 1811 1105 1876 5.
1131 1813 1188 1876 mi·

98 1939 158 1980 333
180 1915 289 1980 diebus
309 1916 439 2002 33393333
452 1916 486 1979 io
500 1914 612 1978 Asiam
625 1936 766 1977 reversus
780 1925 833 1977 est.
865 1910 1028 1976 Iuvenalis
1042 1910 1101 1993 VI,
1116 1912 1187 1976 119.

100 2016 209 2080 comite
236 2015 351 2078 ancello
376 2037 438 2078 333
464 2013 597 2098 amplum
622 2037 695 2077 333.
737 2012 873 2099 Insuper
898 2019 1004 2076 autem
1025 2011 1095 2097 ipsa
1116 2032 1187 2075 sen·

98 2115 199 2178 tentia
224 2137 318 2178 carae
345 2127 446 2177 tamen
467 2114 526 2177 333
546 2114 647 2199 333933
667 2136 760 2197 quam
780 2113 835 2178 illc
855 2113 988 2177 33333333
1008 2119 1080 2197 post
1100 2119 1188 2175 ante·

100 2236 247 2329 grossam
267 2212 363 2298 longe
385 2214 569 2299 graviorem
590 2214 768 2277 siccamen
789 2213 929 2298 33393333,
944 2213 1051 2297 posito
1066 2233 1188 2296 pavone

99 2314 175 2379 3333
189 2314 264 2398 quio
284 2313 341 2377 333
356 2314 464 2397 petates
484 2335 576 2398 qaam
589 2311 739 2399 9333333
740 2334 844 2399 erpere
857 2311 952 2397 palat
953 2335 1004 2374 um
1017 2309 1187 2375 vehemen-

99 2421 148 2478 ter
169 2412 310 2498 languet,
332 2412 418 2497 quod
432 2412 555 2497 ,rdem'
545 2435 579 2475 1n
594 2409 757 2497 Xylandri
776 2410 1030 2475 emendationem
1045 2427 1128 2493 quum
1142 2407 1189 2474 ula

100 2513 171 2578 cadi
171 2522 200 2596 3,
229 2534 311 2598 quae
337 2511 500 2597 ceteroqui
521 2510 654 2576 aliast
623 2512 717 2575 etiam
741 2510 782 2576 ob
805 2533 919 2575 causas
940 2519 1138 2596 prorsust
1091 2509 1138 2574 fut
1139 2493 1188 2573 ilis

100 2634 143 2677 33
205 2613 299 2677 Nova
323 2620 431 2677 tamen
458 2611 515 2676 lux
539 2613 656 2676 misero
682 2620 753 2674 nost
754 2634 789 2674 ro
741 2608 975 2676 tversiculo
1003 2608 1188 2694 effulgebat,

100 2734 198 2798 quum
219 2733 239 2775 a
260 2711 383 2778 duobus
405 2735 457 2776 vv.
481 2711 534 2775 dd.
557 2711 670 2776 eodem
691 2710 791 2776 ferme
812 2719 955 2796 tempore
976 2730 1094 2773 nomen
1115 2708 1188 2773 sub·

101 2813 273 2876 stantivum
294 2813 396 2898 inopis
416 2810 637 2896 longissimum
657 2832 717 2897 per
737 2819 860 2896 tempus
882 2808 1079 2873 reconditum
1100 2807 1190 2873 inve·

101 2901 233 2976 nirdtur.
265 2909 388 2976 Verum
409 2908 559 2996 apodosis
580 2911 753 2994 3139333333
765 2910 887 2996 formis
908 2907 1066 2993 deceptum
1086 2920 1114 2972 te
1130 2932 1190 2994 pa-

100 3023 142 3075 tet
155 3009 297 3096 protasio
310 3030 375 3072 non
396 3009 617 3073 concessivam
638 3008 708 3072 licet
729 3031 821 3073 corae
841 3007 988 3071 tonsilla
1008 3007 1046 3070 ab
1067 3007 1191 3072 docui·

100 3109 281 3191 3331333333,
310 3107 369 3172 sed
396 3106 554 3173 causalem
577 3108 717 3194 requirit.
762 3106 852 3172 Cave
874 3126 961 3188 vem,
982 3126 1024 3169 ne
1042 3107 1191 3192 ,quoniam

101 3223 160 3297 pru
187 3209 329 3324 quomoda
356 3229 529 3294 supponas,
558 3208 635 3293 quia
655 3229 717 3271 nec
737 3205 799 3270 hae
818 3227 924 3292 neque
946 3204 1011 3270 alia
1031 3205 1191 3271 medicina

103 3312 182 3373 ess
198 3317 256 3399 est,
271 3332 299 3373 s1
289 3307 408 3373 modo
424 3308 565 3394 quamvis
583 3307 693 3391 33333,
684 3331 705 3371 1
722 3329 751 3371 e.
769 3305 936 3370 adrnodum
952 3305 1038 3387 33333,
1061 3304 1191 3392 copulas

112 3398 197 3489 vittae
219 3432 251 3473 v.
274 3408 325 3472 30.
346 3408 496 3473 voculam
517 3409 614 3495 e'ps'tur
636 3357 834 3494 sdpples‚ut
801 3405 934 3471 utiSat
955 3404 988 3487 Ι,
1009 3403 1048 3488 4,
1070 3406 1119 3469 69.
1143 3427 1190 3492 sq.

109 3510 202 3574 [Μ’
170 3533 215 3573 sss
236 3521 270 3573 33
290 3509 376 3572 amit
374 3510 403 3572 is
363 3507 517 3573 303333
534 3508 684 3594 Birrique
703 3508 878 3588 3333333333,
888 3528 951 3569 oon
972 3527 1039 3592 393
1048 3506 1109 3569 3333
1134 3505 1191 3570 03-

98 3611 158 3696 pri
180 3632 274 3694 33933
300 3608 408 3674 Sulci:
432 3632 487 3673 cur
516 3621 635 3672 metuas
655 3607 722 3672 me?
751 3606 783 3689 Ι,
810 3606 845 3689 9,
871 3604 922 3668 33.
944 3627 991 3691 sq.
1037 3603 1192 3670 carnum

103 3707 183 3775 brac
203 3707 327 3794 quaudo
349 3720 503 3773 consumet
524 3729 665 3794 cumque:
690 3707 841 3792 loquaces,
863 3705 895 3768 si
912 3705 1025 3789 saproc,
1047 3727 1077 3768 33
1075 3705 1128 3785 ’,333
1151 3705 1192 3769 si·

112 3799 169 3873 :tu
188 3821 278 3895 33933
300 3806 467 3871 adoleverit
488 3819 584 3871 aetas.
626 3807 670 3891 H,
692 3805 722 3889 ὃ,
743 3806 794 3870 90.
818 3827 863 3890 sq.
887 3801 973 3887 (109.
996 3801 1059 3889 sq.)
1095 3803 1192 3890 Diffi-

104 3921 193 3973 33333
214 3921 243 3972 33
263 3929 417 3970 morosum
438 3905 572 3991 qseoda
589 3906 753 3995 porrulos:
780 3906 861 3969 ultro
881 3927 951 3984 333,
975 3904 1067 3967 etiam
1088 3904 1191 3968 333333.

103 4022 138 4078 Vc
152 4025 193 4076 38.
340 4022 448 4072 Ieiunus
464 4038 536 4073 raro
554 4022 702 4073 stomachus
719 4021 839 4088 vulgaria
855 4020 953 4070 temnit

186 4106 290 4173 Varia
308 4103 402 4170 lectio
423 4107 496 4170 rari
517 4105 560 4170 ab
580 4104 710 4170 Acrone
730 4112 907 4169 memorata
926 4101 1019 4168 nobis
1042 4100 1193 4188 vulgatae

18 4263 20 4266 .
104 4231 180 4273 raro
215 4215 376 4272 antestare
407 4205 548 4289 videtur,
584 4206 734 4292 quoniam
762 4201 943 4271 stomachus
969 4226 1044 4270 raro
1071 4203 1194 4270 3333333
