2678 4642
120 225 163 296 46
548 242 783 294 conmortuus

115 413 264 489 ,616666
284 409 408 475 eoudito
421 409 691 496 praecordiorum.
727 407 942 476 Nihilosecius
962 407 1128 496 vulgatum
1143 430 1212 473 coa·

121 513 189 577 dita
218 532 283 575 non
314 509 549 595 explodendum
579 520 738 597 putamus.
790 510 864 576 Non
889 531 984 596 posse
1010 509 1130 596 aperiri
1149 507 1214 574 nisi

121 610 207 699 quod
228 609 370 674 clausum
390 609 445 691 sit,
466 607 561 673 valde
587 610 790 673 manifestum
811 618 874 692 est,
900 631 996 694 quam
1016 609 1058 674 ob
1080 630 1212 673 oausam

121 710 247 775 condito
258 708 453 796 praecordia
466 709 650 773 necessario
673 717 745 773 sunt
766 707 872 773 clauso
885 707 1090 794 praecordio.
1134 706 1212 771 Pari

120 810 216 875 modo
242 807 340 891 oculi,
366 806 499 887 lumina,
527 805 593 872 alia
614 807 709 871 condi
731 807 888 872 dicuntur.
924 807 965 873 V.
989 805 1051 872 Ov.
1073 807 1130 873 Tr.
1150 805 1210 890 111,

120 911 149 995 3,
170 909 222 973 44.
254 907 295 971 A.
317 905 357 970 A.
379 905 440 988 III,
463 906 533 971 142.
565 905 644 971 Her.
666 905 710 990 X,
732 907 803 972 120.

119 1028 151 1079 V.
169 1028 227 1077 108.
275 1023 396 1073 errem
412 1022 451 1070 uti
468 1026 604 1073 contentus
622 1037 661 1085 co,
680 1022 750 1088 qnod
766 1023 802 1072 mi
817 1023 874 1087 ipse
891 1025 1037 1087 parasset
1053 1049 1087 1059 -

201 1107 321 1170 Notata
342 1105 472 1189 dignum
488 1105 577 1169 duxit
590 1105 764 1187 Bentleius,
787 1104 846 1171 (ld.
862 1103 1056 1169 Leidensem
1071 1103 1210 1168 eximiae

119 1205 286 1274 vetustatis
300 1227 469 1290 parassem
489 1202 620 1286 habere,
642 1203 677 1268 id
694 1213 800 1268 autem
820 1203 937 1268 falsum
958 1225 1109 1268 essenon
1124 1203 1210 1268 adie-

121 1309 173 1372 cit.
215 1306 301 1369 Puer
330 1303 414 1366 enim
434 1302 601 1386 Horatius,
629 1303 669 1367 de
691 1325 753 1389 quo
776 1302 950 1386 disseritur,
971 1302 1128 1368 nihildum
1149 1302 1211 1367 sibi

119 1413 244 1494 poterat
268 1405 338 1490 ipse
358 1424 490 1488 parare,
519 1412 711 1489 quapropter
735 1411 848 1489 parata
872 1425 924 1467 res
951 1404 1056 1489 patria
1075 1401 1210 1488 intelligi

122 1505 228 1588 debet,
250 1512 284 1566 ut
305 1502 400 1565 etiam
422 1524 454 1565 v.
478 1503 548 1566 110.
572 1501 725 1567 declarat.
765 1501 885 1585 Monui,
908 1503 983 1588 quia
1002 1501 1210 1567 Mavortianis

121 1605 185 1668 illis
211 1601 405 1667 membranis
431 1603 552 1688 passim¹
576 1601 672 1686 plane
693 1601 852 1687 insignem
874 1602 1095 1665 auctoritatem
1115 1602 1210 1667 tribui

120 1704 226 1786 video,
250 1724 314 1788 qua
336 1710 522 1765 cunctorum
535 1700 662 1766 Horatii
681 1700 828 1765 codicum
842 1701 1129 1787 manuscriptorum
1142 1701 1209 1766 nul·

120 1803 186 1869 lum
207 1803 340 1889 dignum
361 1822 432 1864 esse
453 1801 488 1864 in
506 1801 704 1887 praefatione
727 1799 1022 1865 demonstravimus.

119 1937 150 1990 V.
169 1937 225 1989 109.
243 1951 299 2001 sqq.
332 1934 425 1984 Nonne
441 1932 522 1997 vides,
538 1932 598 1983 Albi
614 1937 645 1982 nt
660 1932 728 1983 male
744 1933 816 1981 vivat
832 1931 901 1982 filius
917 1936 1012 1998 utque

333 2017 448 2067 Barrus
464 2017 556 2080 inops?
588 2016 716 2082 Magnum
732 2016 923 2080 documentum,
939 2030 973 2065 ne
989 2015 1102 2081 patriam
1117 2031 1172 2066 rem

233 2133 235 2136 ψ
332 2098 444 2148 Perdere
461 2098 519 2164 quis
535 2099 605 2150 velit.

182 2219 184 2223 ’
205 2198 289 2262 Male
316 2198 418 2262 uiuere
440 2206 471 2261 et
491 2198 613 2283 inopem
634 2218 782 2260 essenon
802 2218 900 2260 unum
920 2195 1071 2282 idemque
1092 2197 1210 2284 signifi-

122 2307 206 2363 cant.
239 2297 298 2360 llle
320 2296 459 2381 quidem,
482 2297 536 2380 qui
554 2294 637 2360 male
652 2297 733 2361 vivit
745 2295 835 2362 Albii
848 2295 942 2379 filius,
962 2295 1104 2360 nondum
1119 2299 1210 2384 inops

121 2406 183 2480 est,
205 2395 263 2460 sed
284 2393 389 2460 adhuc
416 2395 588 2460 discinctus
608 2417 720 2482 nepos.
762 2395 885 2460 Barrus
907 2404 1017 2460 contra
1038 2395 1209 2461 discinctus

119 2518 220 2582 nepos
242 2496 301 2559 fuit
322 2503 353 2558 et
373 2495 437 2559 iam
460 2503 508 2559 est
527 2496 630 2582 inops.
666 2494 756 2580 Ergo
779 2495 843 2559 duo
864 2493 1019 2559 habemus
1038 2496 1209 2581 prodigen-

120 2597 183 2660 tiae
206 2593 363 2680 exempla,
386 2616 519 2679 quorum
541 2595 641 2674 altero
662 2596 796 2678 initium,
818 2593 917 2659 altero
932 2594 1003 2659 finis
1017 2596 1209 2682 proponitur,

122 2718 218 2782 quam
245 2703 352 2758 tamen
379 2693 420 2758 ob
444 2694 687 2758 disiunctionem
709 2715 811 2779 aeque
835 2693 897 2758 duo
920 2703 951 2757 et
971 2695 1088 2758 amoris
1109 2717 1210 2759 mere·

120 2795 204 2859 tricii
226 2803 257 2857 et
277 2792 426 2858 adulterii
445 2793 594 2880 exempla
607 2793 743 2880 proferri
758 2793 888 2857 minime
903 2815 1035 2857 necesse
1052 2801 1109 2859 est.
1141 2794 1210 2858 Nec

121 2917 258 2980 sequens
298 2915 448 2958 numerus
491 2893 661 2980 singularis
696 2911 841 2980 mopaura
875 2892 1086 2957 documentum
1120 2892 1210 2958 nobis

122 2993 278 3081 displicet,
300 3002 406 3079 utpote
429 2992 484 3079 qui
505 2992 548 3058 ad
569 2992 751 3079 exemplum
766 3001 933 3077 utrumque
946 2992 1115 3078 pertineat.
1144 2992 1208 3059 Otr.

121 3117 153 3159 v.
177 3094 227 3158 67.
254 3117 386 3180 1669666
412 3107 538 3179 aterque
565 3095 658 3158 tt'ruor
678 3093 859 3156 latronibus.
904 3089 970 3155 Sat.
992 3091 1018 3174 I,
1041 3091 1143 3174 126.
1164 3113 1209 3177 sq.

121 3193 162 3258 du
182 3195 234 3257 1116
254 3216 342 3256 ocrea
355 3205 558 3278 procurrunt,
580 3216 726 3280 ruopertum
738 3190 945 3278 spectaculum
956 3204 1092 3277 aterque.
1127 3191 1209 3272 Quo·

122 3293 210 3357 circa
234 3291 313 3355 nihil
337 3291 522 3355 novandum
546 3314 634 3376 reor,
662 3313 738 3355 nam
759 3290 836 3374 quia
856 3312 937 3352 unus
959 3288 1018 3355 cd.
1041 3303 1076 3354 at
1091 3293 1154 3381 ,qui
1171 3312 1211 3354 ex

122 3392 325 3478 corruptione
350 3412 415 3454 non
441 3391 486 3455 ita
511 3413 586 3455 rara
612 3388 743 3455 exhibet
769 3397 862 3474 atque
890 3410 1006 3452 nornen
1026 3389 1152 3454 Burrus
1178 3391 1211 3453 in

121 3491 182 3558 Lb.
210 3489 307 3554 MSS.
337 3490 470 3575 egregie
497 3490 655 3573 variatur,
682 3488 768 3574 quod
795 3489 828 3573 in
852 3487 1014 3574 plerisque
1035 3491 1210 3575 reperimus

120 3590 303 3655 nominibus
331 3589 469 3675 propriis
497 3589 542 3672 (v.
566 3588 633 3653 Sat.
656 3587 689 3672 I,
720 3589 753 3671 1,
782 3588 833 3652 95.
856 3598 887 3652 61
906 3587 1010 3652 Bentl.
1032 3587 1076 3652 ad
1096 3587 1163 3654 Sat.
1184 3586 1210 3671 I,

123 3691 151 3775 l,
173 3689 250 3774 211),
275 3689 349 3754 binc
370 3688 514 3775 profecto
536 3688 619 3752 iusta
640 3687 831 3774 diffingendi
852 3709 950 3752 causa
969 3688 1072 3775 repeti
1092 3688 1209 3775 nequit.

121 3807 152 3859 V.
172 3808 226 3858 115.
244 3821 282 3872 sq.
480 3803 599 3869 Sapiens,
615 3805 700 3855 vitatu
717 3804 855 3869 quidque
870 3804 953 3870 petitu

319 3887 358 3938 Sit
374 3887 473 3949 melius,
491 3902 585 3938 causas
601 3888 692 3937 reddet
707 3887 756 3937 tibi
772 3916 807 3924 -

204 3986 394 4053 Lambinus:
420 4011 441 4050 6
459 3987 640 4073 philosopho
662 4022 760 4032 -—
782 3985 892 4068 disces,
914 3986 993 4071 qaid
1011 3986 1053 4050 eit
1074 3998 1210 4071 expetere·

122 4087 203 4170 dum,
226 4086 305 4172 quid
314 4085 505 4173 fuprbadum
526 4098 555 4150 et
574 4085 769 4170 quomobrem
789 4087 846 4149 1166
859 4087 900 4150 sit
912 4084 1112 4173 sapiendum,
1134 4083 1213 4149 illud

118 4172 330 4273 *asprandum
363 4184 585 4255 Heindorfius:
606 4185 666 4270 „In
679 4185 781 4254 Prosa
802 4207 859 4251 cur
880 4184 1020 4272 quidque
1040 4185 1143 4250 vitare
1157 4190 1210 4247 aut
