2678 4642
380 243 416 291 m
438 242 627 291 sasamon
648 241 777 291 amaon
797 242 930 291 remon
1159 227 1200 294 89

111 407 208 493 igitur
232 406 371 474 absurdo
402 408 560 474 versiculo
588 430 695 472 rursus
726 407 890 493 exagitato
920 409 1021 472 oratio
1046 420 1200 496 sequente

111 507 311 573 fastidiorum
332 509 531 595 expositione
549 522 655 594 nempe
675 508 878 591 incomposito
894 506 968 572 aut
978 508 1062 594 pede
1076 533 1200 576 currere

111 630 217 671 uersus
237 608 345 672 Lucili
363 607 504 694 perbene
526 607 682 696 procedit.

193 706 234 771 V.
256 707 286 770 4.
309 706 457 793 vulgatur
479 721 523 772 est
544 731 603 792 quo
632 707 681 770 uir
707 705 827 787 metior,
857 705 944 793 lonqe
969 706 1112 771 subtrb’or
1136 709 1198 790 illo,

112 826 207 890 quam
228 806 418 892 scripturam
438 811 503 871 non
524 807 683 871 sinceram
706 826 786 888 esse,
808 809 937 891 pra'eter
952 805 1128 892 asyndeton
1141 808 1199 871 mi-

111 925 171 967 nus
193 905 402 988 commodum,
424 907 490 970 iam
510 904 589 969 illud
617 906 667 969 uir
697 904 806 968 melior
838 903 1006 990 indigetat,¹
1040 905 1126 990 quod
1157 906 1199 971 ab

112 1011 297 1088 exspectato
318 1006 426 1070 melior
447 1008 497 1070 uir
519 1005 703 1090 discrepare
726 1013 758 1067 et
777 1010 848 1067 tuus
869 1011 901 1067 te
931 1026 1042 1067 sensus
1071 1004 1200 1070 docebit

111 1110 143 1165 et
169 1101 322 1167 Horatius
350 1102 417 1168 Sat.
439 1103 465 1187 Ι,
488 1105 517 1187 3,
539 1105 589 1167 32.
632 1103 806 1167 Praeterea
830 1103 864 1166 in
891 1101 973 1168 cdd.
1000 1104 1200 1189 reperiuntur

111 1224 171 1287 quo
193 1203 301 1267 melior
322 1205 371 1268 uir
393 1217 445 1284 est,
468 1227 527 1289 quo
548 1205 598 1266 air
619 1215 664 1266 est
690 1203 812 1283 melior,
844 1225 904 1288 quo
934 1214 979 1266 est
1005 1205 1056 1266 air
1082 1205 1199 1288 melior,

110 1324 169 1386 quo
190 1303 298 1366 melior
318 1305 367 1366 uir
388 1303 490 1385 adest,
513 1302 587 1367 alia.
631 1300 781 1366 Omnium
801 1301 974 1365 lectionum
994 1301 1058 1366 fide
1080 1301 1199 1388 dignis·

110 1401 193 1464 sima
214 1409 340 1487 estque
367 1402 475 1466 medior
500 1403 550 1466 uir
578 1413 607 1465 et
638 1413 683 1465 est
712 1402 799 1489 &unqe
829 1402 985 1466 subtilior¹
1003 1402 1071 1483 ella,
1103 1423 1200 1488 quam

110 1499 254 1564 nonnulli
280 1499 375 1565 MSS.
404 1509 581 1565 servarunt.
624 1499 769 1565 Similem
794 1498 887 1564 verbi
913 1502 1200 1586 transgressionem

111 1597 264 1664 Horatius
291 1600 546 1686 frequentissime
568 1600 704 1683 admisit,
730 1621 758 1664 e.
782 1621 810 1664 c.
838 1599 904 1664 Sat.
932 1596 959 1684 Ι,
981 1600 1010 1684 3,
1033 1600 1082 1665 61.
1110 1615 1199 1687 atque

112 1700 224 1786 vipent.
260 1698 344 1763 Ibid.
367 1700 417 1764 63.
441 1700 511 1765 125.
534 1713 563 1764 et
584 1712 636 1765 est.
672 1698 699 1784 Ι,
720 1698 751 1779 4,
773 1699 823 1762 68.
846 1712 875 1763 et
894 1701 988 1764 uiua.
1020 1699 1104 1765 Ibid.
1128 1702 1198 1767 107.
1255 1718 1257 1720 ’

112 1820 158 1884 sq.
181 1812 271 1884 atque
290 1801 432 1863 arborem.
465 1799 491 1882 Ι,
514 1799 544 1882 6,
565 1799 616 1862 43.
639 1819 687 1884 sq.
716 1811 960 1883 concurrantque
982 1857 1064 1868 ,-,
1084 1802 1200 1866 abeat-

110 1921 176 1982 que.
214 1897 299 1963 Ibid.
323 1898 372 1962 70.
396 1911 425 1962 et
445 1901 523 1963 urbo.
546 1897 573 1981 Ι,
595 1899 624 1980 8,
646 1897 697 1961 34.
730 1910 820 1983 atque
834 1898 963 1962 ar'deres.
986 1898 1012 1981 Ι,
1028 1900 1056 1983 9,
1071 1899 1123 1964 51.
1146 1913 1200 1965 aut

111 2009 165 2061 est.
188 1996 215 2080 Ι,
239 1998 287 2080 10,
310 1997 360 2061 90.
384 2011 412 2062 et
432 1999 555 2083 probet.
586 1995 631 2081 ΙΙ,
653 1997 682 2080 2,
704 1997 755 2060 22.
783 2009 838 2061 aut
858 1999 983 2084 poterit.
1011 1997 1106 2083 Π,3,
1129 1999 1199 2064 130.

111 2097 306 2182 clamentque.
343 2096 428 2161 lbid.
453 2096 522 2160 175.
545 2119 583 2160 ne
603 2119 771 2182 sequerere.
807 2095 891 2161 Ibid.
921 2097 990 2161 182.
1009 2099 1198 2185 perdasque.

111 2194 156 2277 ΙΙ,
176 2195 206 2278 4,
228 2194 279 2259 45.
302 2208 331 2259 et
342 2197 443 2282 foret.
466 2194 508 2278 H,
531 2196 559 2278 6,
583 2195 632 2258 74.
655 2220 695 2260 aa
715 2197 786 2260 sunt.
808 2195 852 2279 Π,
875 2196 903 2279 7,
926 2196 975 2260 13.
1004 2197 1069 2261 t'anu
1088 2199 1199 2264 rnalbt.

110 2294 214 2380 Epist.
236 2294 263 2377 Ι,
286 2294 314 2378 6,
335 2294 387 2359 44.
409 2295 458 2359 uel
481 2295 604 2359 tolleret.
626 2294 670 2378 Π,
693 2294 720 2377 1,
742 2293 894 2359 95110110
921 2296 1010 2360 arst't.
1041 2296 1125 2362 Ibid.
1148 2298 1199 2363 98.

109 2418 192 2458 aune
214 2407 258 2458 est
276 2396 396 2481 qaar'sa.
418 2393 502 2459 Ibid.
525 2395 596 2458 213.
618 2394 708 2459 modo
722 2395 826 2480 pouit.
853 2393 897 2478 Π,
918 2395 948 2478 3,
970 2395 1041 2460 308.
1069 2420 1128 2483 quo
1145 2399 1200 2486 fe·

109 2507 170 2557 rat.
203 2492 287 2558 Ibid.
311 2491 381 2558 373.
404 2517 467 2559 non
488 2517 671 2559 concessere.
705 2493 812 2559 (larm.
839 2493 866 2577 Ι,
894 2495 924 2579 2,
950 2495 1001 2560 50.
1029 2496 1080 2560 laic
1105 2520 1198 2561 ames.

109 2591 136 2676 I,
157 2593 187 2677 3,
212 2593 260 2657 19.
283 2594 340 2679 qni
357 2593 446 2658 uidit.
469 2593 495 2677 Ι,
519 2593 570 2678 11,
588 2593 618 2658 4.
647 2617 702 2658 aaa
729 2594 846 2658 tribuit.
875 2593 902 2676 Ι,
933 2594 981 2678 15,
1010 2595 1039 2659 9.
1068 2609 1200 2681 quantus

111 2691 209 2756 adest.
225 2692 251 2776 Ι,
267 2692 307 2755 27
324 2693 372 2757 12.
392 2717 455 2778 qua
468 2706 590 2779 pereat.
611 2691 638 2776 Ι,
653 2692 703 2776 30,
718 2693 747 2757 6.
762 2706 999 2779 properentque.
1021 2693 1082 2778 ΙΠ,
1104 2695 1153 2778 21,
1168 2695 1199 2761 2.

111 2793 178 2855 sebe
194 2792 289 2879 perus.
316 2791 377 2876 ΠΙ,
404 2791 454 2876 25,
476 2793 507 2856 2.
528 2816 605 2879 quos
627 2816 713 2880 aqor.
736 2792 793 2876 IV,
815 2793 845 2875 5,
866 2792 917 2856 33.
940 2806 968 2856 te
986 2793 1199 2879 prosequetur.

112 2890 219 2976 Epod.
241 2890 316 2973 VII,
340 2891 388 2955 11.
411 2915 467 2956 uec
479 2894 559 2978 fuit.
591 2891 675 2957 Ibid.
701 2891 749 2956 13.
772 2915 814 2956 aa
832 2892 927 2976 rapit.
949 2889 1009 2974 XI,
1031 2891 1081 2957 22.
1104 2905 1133 2956 et
1152 2894 1200 2958 a'n-
1231 2966 1232 2969 Ἴ

102 2992 206 3078 fraqi.
245 2988 353 3054 Oarm.
376 2989 470 3054 Sacc.
491 2991 542 3055 22.
564 2993 749 3077 referatque.
782 2989 932 3055 Ceterum
951 3011 1125 3075 pronomen
1145 2992 1199 3058 tuo

110 3098 183 3176 post
197 3088 291 3153 idem
312 3089 407 3153 modo
429 3090 639 3176 praemissum
658 3091 734 3154 item
755 3089 922 3176 repetitum
949 3097 1004 3172 est,
1026 3097 1061 3154 ut
1082 3088 1149 3156 Sat.
1170 3090 1198 3176 Ι,

112 3191 141 3273 9,
165 3189 213 3252 12.
236 3210 284 3275 sq.
309 3188 455 3273 estat,
478 3189 547 3254 129.
570 3210 640 3276 sqq.
803 3180 807 3186 ⁸
1024 3188 1027 3192 ’

197 3289 237 3354 V.
261 3289 290 3353 5.
320 3287 483 3354 Gesnerus
505 3300 550 3354 est
569 3289 647 3354 loris
668 3287 709 3354 de
731 3287 915 3352 coniectura
935 3286 1106 3374 legendum
1127 3310 1198 3355 sua·

111 3388 162 3471 sit,
185 3388 270 3474 quod
290 3388 497 3453 Heindorfius
519 3388 686 3454 substituit.
728 3387 831 3453 Nobis
861 3388 1018 3478 scriptura
1041 3387 1198 3454 membra·

109 3509 224 3552 narum
252 3500 281 3552 et
308 3488 384 3553 loris
411 3502 439 3553 et
464 3489 600 3576 furrubus
626 3488 707 3572 udis,
740 3495 846 3575 utpote
874 3509 939 3573 qua
965 3487 1015 3551 vis
1037 3486 1198 3573 aliquanto
1293 3505 1296 3509 ’

108 3588 211 3651 maior
232 3588 445 3673 exprimatur,
466 3611 532 3652 non
552 3587 656 3654 solum
676 3589 819 3674 integra,
840 3609 953 3651 verum
974 3587 1069 3651 etiam
1092 3608 1197 3653 emen-

111 3685 238 3751 datione
261 3685 399 3752 Gesneri
419 3689 633 3775 praestantior
653 3688 803 3753 videtur.
833 3687 898 3767 Qui
924 3698 969 3751 est
996 3695 1101 3750 mente
1124 3708 1197 3752 con·

110 3788 218 3873 cipere
239 3785 333 3870 nolit,
365 3788 393 3851 is
421 3800 507 3853 certe
536 3802 581 3854 est
609 3801 716 3854 araus
740 3808 798 3874 pro
827 3799 974 3851 sacratus
1000 3785 1199 3871 probabilius

110 3887 277 3971 rescribet,
299 3888 445 3972 quamvis
468 3909 529 3974 ego
559 3889 654 3953 etiam
681 3886 743 3952 hoc
769 3886 881 3951 fortias
907 3884 1041 3950 verbum
1067 3894 1199 3973 propter

113 3988 226 4052 fortius
249 3987 497 4073 contrapositum
525 4001 554 4053 et
579 3987 657 4053 loris
682 4001 711 4053 et
729 3986 867 4075 funibus
891 3984 965 4049 udis
985 4006 1049 4049 non
1071 3984 1199 4050 commi·

47 4100 50 4105 ·
108 4109 217 4172 uuam,
248 4087 438 4175 praesertim
469 4107 566 4171 quum
597 4087 698 4153 verbo
730 4099 774 4151 est
801 4106 866 4150 non
891 4095 991 4170 aegre
1021 4106 1198 4150 careamus.

109 4185 178 4254 aa.
206 4187 272 4253 sat.
300 4187 327 4272 1,
349 4186 451 4271 aa.
472 4186 500 4272 1,
521 4186 551 4271 s,
572 4186 623 4253 aa
650 4186 694 4272 n,
722 4186 750 4270 1,
772 4185 822 4251 or.
845 4183 895 4250 n.
916 4183 1011 4269 ns,
1034 4183 1104 4250 139.
1128 4183 1198 4251 144
