2678 4642
173 209 214 274 92
601 223 834 273 conmernnm

171 387 339 456 sedentes?
366 389 452 470 Quin
473 388 545 477 ipsa
566 389 661 453 etiam
684 391 840 477 oppositio
867 411 927 477 per
948 413 982 454 se
1004 398 1157 479 spectata,
1185 415 1255 457 ora-

171 485 252 554 tores
284 512 395 553 caesas
421 489 606 553 exsudantes
638 489 728 554 malis
757 491 888 554 barbare
914 491 1002 576 loqui
1026 516 1118 576 qaam
1145 515 1256 556 eaasas

171 587 340 671 exsudare,
361 588 603 675 perversissima
625 597 685 670 est,
714 589 972 675 quandoquidem
992 588 1134 654 barbara
1155 593 1256 655 oratio

171 712 235 755 non
257 687 463 770 exsudatam,
493 687 551 751 sed
575 687 724 752 Latinam
746 688 900 774 efflagitat
922 690 1124 753 contrariam.
1143 680 1146 685 ¹
1169 690 1255 770 Qua-

169 799 299 876 propter
319 788 431 852 Late‘ne
458 788 734 873 pernecessarium
763 796 826 870 est,
859 787 944 874 quod
975 787 1122 853 librarios
1154 788 1256 854 solum

171 911 243 953 cum
264 896 449 972 antegressa
463 886 629 972 patrisque
651 887 851 972 compegisse
872 888 936 950 iam
952 886 995 950 ad
1015 886 1081 952 Sat.
1096 888 1123 971 I,
1138 889 1167 972 2,
1185 889 1256 954 125.

169 987 391 1052 indicavimus.
433 983 597 1049 Adverbio
624 987 766 1050 restituto
792 995 859 1050 tota
885 987 984 1049 oratio
1011 987 1154 1073 perbene
1182 1010 1255 1052 con-

169 1088 305 1151 formata
327 1094 375 1149 est
396 1094 428 1149 et
448 1083 547 1149 Pedio
570 1092 664 1170 atque
679 1083 818 1149 Corvino
833 1083 901 1148 laus
916 1084 971 1149 illa
984 1109 1114 1172 magna,
1137 1087 1177 1151 de
1193 1110 1258 1173 qua

170 1186 284 1251 Cicero
306 1186 393 1249 Brut.
407 1184 457 1248 37.
479 1182 582 1248 verba
603 1184 689 1267 fecit,
710 1193 797 1248 recte
818 1184 975 1249 tribuitur.
1011 1185 1127 1269 Minus,
1149 1187 1256 1271 credo,

169 1287 270 1352 critici
292 1294 467 1365 errassent,
489 1283 517 1346 si
537 1295 571 1346 ta
596 1284 707 1348 oblitas
731 1283 936 1348 invenissent.
981 1283 1048 1348 Sed
1075 1286 1115 1350 de
1140 1309 1255 1372 prono·
1334 1332 1337 1338 -

168 1387 254 1452 mine
277 1385 473 1451 substantivo
496 1383 593 1446 etiam
611 1383 645 1446 in
660 1383 881 1469 contrapositis
896 1385 1121 1470 praetermisso
1135 1385 1255 1451 videsis

168 1486 211 1552 ad
233 1486 299 1550 Sat.
321 1484 365 1567 II,
387 1484 415 1565 3,
437 1483 509 1547 212.
546 1481 695 1547 Ceterum
716 1481 878 1565 Horatius,
901 1482 986 1568 quod
1006 1483 1186 1549 Bentleium
1206 1484 1251 1550 la-

165 1585 262 1668 tebat,
282 1609 313 1648 v.
336 1584 386 1648 36.
408 1603 539 1646 numero
560 1580 673 1667 plurali
701 1605 813 1646 causas
839 1583 966 1648 nonnisi
986 1584 1104 1649 Petillii
1125 1608 1251 1652 eausam

168 1684 342 1766 denotavit,
363 1681 468 1769 qualia
488 1683 522 1745 in
535 1689 630 1767 poeta
644 1703 844 1768 quocumque
858 1682 1044 1767 reperimus.
1067 1683 1133 1750 cfr.
1146 1682 1253 1749 (larm.

166 1783 224 1868 IV,
248 1783 296 1867 15,
317 1783 368 1847 20.
389 1784 521 1847 me’seras
540 1781 682 1845 iaebeieat
702 1781 801 1862 arbes,
823 1781 845 1844 i.
862 1803 890 1845 e.
911 1781 1054 1848 ,Romam

166 1918 197 1972 V.
215 1919 254 1970 ³9.
272 1933 310 1983 sq.
365 1915 468 1980 Atque
485 1929 533 1980 ego
551 1929 631 1979 quum
649 1913 764 1964 Graecos
780 1913 894 1964 facerem
910 1919 987 1964 natus
1004 1910 1081 1963 mare'
1092 1915 1157 1965 citra

362 1997 510 2050 Versiculos
528 2031 627 2042 ..--
670 2007 673 2011 ·
723 2031 756 2041 .-

171 2138 174 2143 ’
248 2115 349 2201 Atque
381 2112 569 2177 sententiam
601 2111 770 2176 exordiens
799 2110 861 2177 hoc
888 2110 976 2197 loeo,
1004 2120 1039 2177 ut
1066 2113 1253 2200 saepissime

168 2213 255 2297 alibi,
274 2235 339 2277 non
353 2212 449 2277 modo
470 2210 672 2299 copulationi,
693 2233 804 2276 verum
826 2213 920 2276 etium
943 2211 1138 2277 conclusioni
1152 2213 1252 2276 inser-

165 2315 221 2380 vit.
254 2314 294 2379 V.
321 2311 442 2376 Manut.
472 2310 515 2375 ad
530 2309 608 2375 ¹Cic.
640 2310 732 2374 Eam.
760 2310 820 2393 ΠΙ,
843 2311 892 2375 10.
934 2310 1021 2375 Male
1048 2311 1149 2375 multi·
1167 2311 1249 2377 Cdd.

166 2414 256 2500 atqui
267 2411 427 2494 exhibent,
443 2411 519 2497 quia
534 2408 653 2473 Graeci
667 2409 829 2486 versiculi,
853 2410 977 2474 etiarnsi
992 2410 1073 2475 bene
1095 2412 1129 2475 in
1144 2434 1251 2476 cumu-

163 2512 229 2578 lum
251 2510 457 2594 accedebant,
478 2508 614 2595 bilingui
634 2516 741 2572 tamen
754 2508 871 2573 Lucilii
891 2509 1007 2574 fautori
1021 2533 1087 2575 non
1100 2519 1246 2598 poterant

167 2612 293 2699 opponi.

164 2729 196 2782 V.
213 2731 252 2782 45.
271 2744 328 2794 sqq.
823 2725 890 2775 haec
907 2740 955 2792 ego
972 2724 1043 2790 ludo,

362 2809 437 2872 Quae
453 2823 537 2874 neque
553 2807 581 2860 in
597 2811 678 2862 aede
695 2812 787 2862 sonent
804 2809 932 2858 certantia
948 2809 1033 2859 iudice
1050 2809 1146 2874 Tarpa,

256 2952 259 2957 ¹
360 2893 416 2943 Nec
431 2893 538 2943 redeant
553 2895 645 2944 iterum
661 2898 739 2959 atque
755 2894 847 2956 iterum
864 2889 1007 2957 spectanda
1023 2891 1139 2942 theatris.

246 2992 320 3058 Huc
344 2993 486 3079 respexit
512 2992 662 3058 Horatius
688 2992 791 3080 Epist.
818 2991 845 3075 I,
876 2991 923 3073 19,
945 2990 996 3054 41.
1018 3012 1087 3077 sqq.
1131 2989 1250 3077 Spissis

164 3092 296 3181 iade'paa
317 3093 446 3157 theatris
465 3093 584 3178 scripta
596 3092 698 3179 pedet
718 3094 852 3156 recitare
880 3102 909 3154 et
928 3091 1020 3177 aape's
1040 3089 1155 3154 addere
1171 3114 1250 3177 pon-

165 3193 233 3275 des,
255 3194 287 3257 si
305 3191 383 3256 diei.
426 3191 571 3256 Dubium
592 3199 698 3256 autem
718 3191 858 3273 videtur,
880 3211 976 3274 quam
1003 3188 1117 3253 aedem
1143 3189 1250 3255 hicet

163 3291 267 3378 Epist.
288 3290 332 3374 H,
353 3292 383 3373 2,
404 3290 454 3355 94.
472 3285 675 3356 intellexerit.
718 3288 880 3355 Permulta
901 3287 1029 3373 quidem
1050 3289 1090 3353 de
1117 3310 1157 3353 ea
1183 3290 1249 3353 iam

66 3378 69 3384 ⁶
144 3384 333 3456 'Massonus
354 3390 410 3455 vit.
452 3389 532 3454 Hor.
545 3413 586 3476 p.
610 3389 773 3454 tel-176
795 3397 826 3452 et
845 3386 1006 3451 Bentleius
1029 3387 1072 3452 ad
1085 3388 1188 3475 Epist.
1203 3388 1247 3472 Π,

164 3492 195 3574 2,
216 3490 267 3555 94.
290 3491 493 3554 commentati
514 3498 595 3573 sunt,
617 3489 676 3554 sed
698 3497 830 3574 uterque
851 3486 949 3552 falsus
978 3495 1035 3551 est.
1077 3487 1135 3552 Ille
1164 3489 1249 3552 enim

164 3590 240 3655 aede
260 3588 393 3676 putabat
407 3589 535 3653 domum
547 3589 706 3675 privatam
718 3587 863 3671 indicari,
884 3586 937 3651 hie
954 3585 1007 3650 vel
1021 3585 1249 3658 bibliothecam

164 3688 321 3777 Apollinis
342 3688 479 3753 Palatini
500 3687 542 3752 ab
562 3689 708 3774 Augusto
730 3686 899 3770 conditam,
920 3683 974 3750 vel
994 3685 1109 3750 aedem
1122 3686 1246 3752 Hercu-

164 3789 203 3854 lis
224 3789 389 3856 Musarum
411 3810 431 3853 a
450 3787 597 3876 Philippo
624 3789 830 3852 instauratam
856 3794 887 3850 et
913 3794 1114 3850 exstructam.
1156 3787 1244 3850 Atta-

163 3911 238 3954 men
259 3890 287 3954 si
316 3911 388 3953 cum
414 3887 563 3952 Maesone
593 3888 720 3952 omnino
743 3886 865 3952 domam
891 3885 1069 3971 intelligere
1096 3885 1245 3968 volueris,

164 3988 355 4077 simplexea
375 3986 459 4070 aede,
480 4008 600 4073 genere
623 3988 691 4051 eius
711 4007 775 4050 non
795 3993 912 4069 notato,
935 3994 990 4050 aut
1002 4006 1131 4073 prorsus
1147 3984 1239 4049 abun·

163 4088 261 4173 dabit,
289 4096 343 4154 aut
364 4087 404 4152 de
426 4088 583 4165 contrario
606 4088 673 4170 (sab
695 4087 777 4169 dubo)
799 4109 857 4152 nos
878 4089 982 4151 minus
1004 4083 1168 4149 commode
1190 4082 1245 4147 ad-

162 4187 313 4255 monebit.
354 4187 469 4274 Longe
489 4209 567 4253 vero
588 4189 679 4276 peior
699 4185 840 4252 Bentleii
866 4195 915 4252 est
940 4185 1057 4273 opinio.
1098 4183 1246 4268 Namque
