2678 4642
120 217 164 287 30
547 231 781 284 conuersum

120 423 190 466 meo
219 421 276 465 noc
302 399 457 466 Falernae
485 412 656 486 temperant
681 400 759 465 mica
784 423 880 486 nequo
904 399 1074 465 Forentani
1094 397 1212 486 poculo

121 499 220 583 collon
241 500 263 565 i.
278 521 307 565 e.
328 523 414 564 meua
426 513 525 586 potua
544 524 600 567 nec
617 500 764 565 Fokrma
784 501 899 564 nitidus
917 523 1014 585 nequo
1027 499 1213 565 Formianis

121 599 248 663 colludas
263 612 410 686 paratur.

121 715 152 767 V.
171 717 227 768 105.
244 730 301 782 sqq.
485 749 486 754 ,
609 714 737 780 Leporem
754 719 862 766 venator
877 719 907 764 ut
924 714 979 766 alta

317 797 350 849 In
365 799 426 848 nive
442 800 559 861 sectetur,
575 798 689 862 positum
705 797 744 848 sic
759 802 867 866 tangere
883 797 956 861 nolit,

318 882 435 933 Cantat
452 884 481 930 et
497 880 630 945 apponit
646 907 679 918 -

206 995 420 1060 Adversarius
441 994 567 1060 Horatii
592 993 703 1060 laudat
726 992 908 1081 aequalium
930 1016 1058 1058 suorum
1080 992 1211 1058 cantile-

121 1117 212 1180 nam,
240 1092 449 1181 quamobrem
476 1106 580 1158 contat
605 1107 634 1158 et
658 1097 787 1181 opponit
806 1117 873 1158 non
893 1093 1053 1179 signifieat
1073 1117 1107 1158 er
1126 1094 1212 1180 ao'npt

120 1194 188 1260 und
202 1195 283 1282 sript
308 1192 415 1275 donau,
442 1193 501 1258 sed
525 1217 599 1257 mou
623 1194 706 1281 sz'npt
731 1192 799 1259 und
820 1196 897 1282 fttpt
917 1194 1024 1277 hinnu,
1050 1191 1210 1280 quomodo

121 1294 215 1358 tertia
234 1312 373 1381 persona
393 1293 519 1357 numeri
539 1292 711 1379 singularis
733 1294 873 1358 omnium
894 1292 1066 1359 verborum
1080 1314 1141 1356 nee
1159 1315 1210 1357 eo-

120 1392 182 1458 lius
196 1391 289 1458 verbi
302 1393 429 1478 inqcrom
442 1391 526 1457 bene
541 1401 719 1478 usmpatur,
733 1401 768 1456 ut
779 1392 844 1457 iam
860 1391 902 1457 ad
913 1390 1008 1457 Caes.
1019 1391 1058 1456 Β.
1071 1390 1112 1455 (i.
1123 1391 1165 1475 V,
1176 1391 1208 1456 3.

122 1501 154 1557 et
175 1492 218 1558 ad
238 1489 336 1578 Soph.
365 1491 418 1555 ΑΙ.
436 1491 527 1556 1081.
550 1491 802 1578 explanavimus.
845 1491 920 1556 Non
940 1490 1147 1556 attendebant
1167 1489 1211 1554 ad

121 1591 158 1658 id
184 1590 312 1656 dicendi
338 1613 441 1678 genus
470 1592 572 1655 critici
594 1589 661 1656 Sat.
683 1590 709 1673 I,
731 1591 761 1675 3,
784 1591 833 1655 ll.
858 1613 905 1677 sq.
947 1590 1115 1656 Amerini
1131 1589 1211 1654 uolet

121 1693 181 1757 doc
200 1693 273 1780 Iope,
294 1693 328 1757 in
349 1692 467 1755 truteno
479 1704 617 1777 ponetur
631 1690 746 1772 eodem,
767 1689 910 1776 nequeI,
925 1690 954 1774 9,
971 1691 1022 1755 62.
1034 1711 1091 1778 sq.¹
1121 1687 1210 1754 Unde

121 1792 208 1856 omacio
233 1803 262 1856 ct
282 1815 341 1876 quo
363 1790 486 1855 tendis?
515 1804 607 1878 repat
628 1803 656 1855 et
676 1789 841 1875 respondet
862 1788 940 1874 (ubi,
961 1798 995 1854 ut
1015 1788 1077 1855 hoc
1097 1788 1209 1852 merni-

121 1891 233 1968 nerim,
254 1899 326 1978 post
345 1892 430 1955 oeno'e
450 1911 514 1953 non
533 1890 638 1974 magis
653 1888 780 1976 signum
794 1889 1051 1975 interrogationis
1065 1888 1208 1953 inseren-

123 1989 199 2054 dum
220 2001 268 2054 est
288 2011 385 2076 quam
407 1988 473 2054 Sat
495 1988 539 2072 Π,
560 1988 636 2070 4,1.
658 1997 730 2074 post
750 1987 852 2070 unde).
886 1986 952 2053 cfr.
969 1987 1140 2071 sat.11,e,
1156 1987 1208 2051 39.

122 2089 254 2155 Dincm'a
274 2091 439 2175 euperem:
459 2088 492 2152 m'
507 2089 565 2170 oie,
579 2102 673 2174 potes
694 2088 786 2152 addit
806 2100 836 2152 et
854 2088 959 2152 oioatot.
1002 2087 1105 2175 Epist.
1116 2087 1144 2173 Ι,
1158 2086 1208 2171 19,

121 2189 174 2253 43.
196 2208 245 2272 sq.
266 2188 361 2271 ou‘dea,
383 2188 438 2269 ait,
460 2199 489 2251 et
509 2185 596 2252 Ioooa
616 2189 746 2253 auredus
767 2189 829 2252 cirta
849 2211 964 2252 aarum.

122 2304 155 2357 V.
174 2306 230 2357 111.
247 2319 303 2369 sqq.
336 2303 438 2364 Nonne,
456 2302 622 2368 cupidinibus
639 2304 752 2353 statuit
767 2308 861 2353 natura
876 2303 982 2352 modum
998 2316 1082 2368 quem,

333 2386 403 2448 Quid
418 2385 504 2436 latura
521 2386 579 2448 sibi,
596 2386 660 2451 quid
676 2387 709 2436 sit
726 2386 838 2436 dolitura
853 2390 984 2451 negatum,

332 2470 463 2531 Quaerere
479 2468 538 2534 plus
554 2469 660 2534 prodest
676 2473 701 2520 et
717 2468 796 2519 inane
812 2468 966 2519 abscindere
983 2465 1075 2518 soldo?

204 2585 305 2650 Varia
317 2582 412 2650 lectio
427 2597 543 2649 etotuot
554 2606 635 2667 eum,
650 2592 736 2671 puto,
752 2592 915 2649 auctorem
924 2583 1031 2667 habet,
1042 2581 1097 2669 qui
1107 2579 1213 2647 verba

123 2694 237 2773 poetae
258 2685 362 2748 minus
382 2692 471 2748 reete
484 2683 695 2749 construebat.
730 2682 818 2748 Ordo
833 2692 893 2748 est:
913 2705 1021 2763 nonne,
1043 2705 1130 2766 quem
1146 2704 1211 2745 mo

123 2786 197 2850 dum
217 2796 332 2848 nmuro
353 2782 553 2869 cupidioribus
573 2785 690 2865 statuit,
712 2784 787 2869 plue
800 2782 934 2871 prodeet
954 2804 1112 2867 quaerere,
1132 2780 1214 2864 quid

123 2886 188 2950 m‘be‘
204 2895 348 2970 nepotum
368 2883 480 2963 utura,
502 2881 581 2967 quid
600 2882 737 2947 dolitura
758 2885 808 2966 ait,
830 2895 859 2947 et
878 2884 971 2947 unone
987 2880 1074 2945 coldo
1089 2880 1211 2944 memu-

124 2983 218 3050 dere?
238 2983 299 3047 Est
318 2983 417 3069 igitur
436 3006 524 3066 quem
537 2981 661 3046 modum
674 2995 789 3046 notura
804 2981 1003 3069 cupidrucdue
1016 2980 1125 3044 statuit
1138 2979 1160 3043 i.
1176 3000 1210 3065 q.

123 3085 180 3170 qui
203 3082 313 3147 modun
340 3107 361 3146 o
385 3093 500 3145 notura
521 3081 720 3168 cupidinibus
739 3095 874 3146 statutus
893 3094 939 3146 eet
958 3101 1017 3144 seu
1029 3101 1095 3165 pro
1115 3078 1211 3143 modo
1258 3143 1263 3151 ,

124 3209 145 3249 o
164 3195 279 3248 nmuro
300 3180 498 3267 cupc'dinzdue
517 3193 642 3245 atotuto.
685 3179 752 3246 cfr.
775 3180 841 3246 Sat.
863 3179 890 3264 Ι,
911 3180 941 3263 9,
963 3177 1013 3243 54.
1037 3199 1084 3263 sq.
1127 3177 1211 3243 Velis

123 3280 350 3348 tantummodo:
370 3303 448 3366 quoe
472 3292 526 3344 tuo
540 3281 647 3363 virtue,
670 3281 871 3368 onpupnodc'e.
902 3277 1115 3364 Postpositum
1128 3298 1209 3340 vero

124 3403 299 3469 pronomen
318 3378 486 3444 relativum
505 3400 569 3443 non
586 3379 733 3464 offendet,
754 3381 816 3444 nisi
831 3381 886 3466 qui
901 3378 1067 3466 egregiam
1081 3375 1211 3441 Horatii

122 3483 158 3548 in
186 3480 294 3547 verbis
326 3478 509 3545 ordinandis
540 3478 700 3545 licentiam
725 3502 839 3567 parum
866 3476 1135 3544 animadverterit.
1164 3474 1208 3541 V.

124 3580 232 3647 (ianm.
255 3578 349 3644 Sace.
371 3579 401 3644 9.
424 3577 491 3643 Sat.
512 3577 544 3662 Ι,
569 3582 598 3663 1,
617 3579 667 3643 89.
689 3578 715 3662 Ι,
736 3580 767 3663 4,
784 3579 835 3643 80.
853 3578 923 3645 111).
938 3578 965 3665 Ι,
979 3579 1009 3666 5,
1024 3583 1074 3648 92.
1089 3583 1116 3667 Ι,
1132 3583 1160 3669 Ι,
1176 3583 1208 3649 2.

123 3681 167 3765 Π,
190 3681 218 3765 Ι,
239 3679 290 3744 49.
314 3677 414 3763 (104.)
435 3678 538 3765 Epist.
561 3676 588 3761 Ι,
611 3678 659 3762 16,
680 3678 733 3744 40.

123 3798 155 3850 V.
173 3799 228 3850 120.
245 3811 284 3863 sq.
316 3795 392 3845 Illam
408 3799 482 3860 „post
497 3793 594 3859 paullo,
611 3795 658 3844 sed
673 3793 763 3859 pluris,
780 3794 804 3843 ei
820 3794 910 3844 exierit
925 3795 981 3844 vir“
1095 3769 1097 3774 V

321 3877 403 3930 Gallis
419 3877 499 3928 hanc
514 3877 681 3927 Philodemus
698 3877 746 3956 ait3
762 3876 822 3940 eibi,
839 3893 906 3942 quae
922 3905 956 3916 .-

205 3976 410 4065 Languidula
443 3975 536 4042 nobis
570 3975 697 4058 videtur
710 3986 716 4011 ·‘
730 3976 886 4041 sententia
919 3977 1092 4043 verborum
1127 3979 1208 4044 douc

122 4076 322 4155 Philodemus
341 4079 388 4142 ait
407 4076 477 4159 miro,
499 4099 577 4162 quoe
599 4083 659 4140 etc.
696 4073 811 4161 Longe
830 4074 866 4139 fit
887 4076 1058 4159 efficacior,
1080 4077 1107 4142 si
1125 4079 1205 4160 douo

124 4197 198 4251 curn
223 4176 315 4242 silom
345 4173 541 4262 copulamus.
590 4173 656 4242 cfr.
682 4174 751 4240 Oio.
777 4174 874 4242 Tuae.
899 4175 966 4260 ΠΙ,
998 4176 1049 4242 29.
1095 4176 1206 4265 Itaque
