2678 4642
381 248 416 295 m
438 246 629 295 emmenum
649 245 779 294 emnem
800 244 986 294 sncmmm
1168 208 1228 296 129

137 414 323 481 adhibeatur
335 414 519 500 mopmifieue
531 413 583 478 ille
597 426 626 476 et
639 425 814 477 mmtaoame
828 425 1009 497 apparator.
1041 410 1086 476 At
1098 429 1176 478 vero
1188 413 1229 479 da

138 515 267 580 defectu
296 513 436 600 quodam
461 534 568 577 rerum
588 513 800 599 pretiosarum
821 512 951 576 minime
974 512 1096 598 agitur,
1125 534 1229 598 neque

136 615 202 680 illia
228 613 270 678 ad
296 615 423 695 iustine,
454 620 487 680 ut
514 613 609 678 etiam
636 611 774 676 Orellius
802 610 916 695 voluit,
939 606 997 676 sed
1018 611 1060 676 ad
1080 614 1230 679 minorem

137 714 284 801 pertinet
262 711 428 778 tVerba
449 712 533 775 enim
554 712 600 776 ita
621 710 800 786 ordinanda
822 721 906 775 sunt:
882 713 1029 792 timeet
1017 725 1070 776 tart
1072 724 1110 776 to
1116 713 1231 777 matrim

136 812 328 898 reprehendi,
350 824 464 907 quanto
485 813 635 876 minorem
656 835 763 875 curam
782 824 993 926 annuumque
991 812 1123 876 habeam
1136 837 1230 898 quom
1327 866 1329 871 .

136 913 201 996 illo,
223 935 301 998 quoe
323 921 384 976 etc.
426 910 610 975 Traiectum
630 903 806 996 pronomen
826 910 1034 1026 interpretes
1044 913 1140 978 etiam
1160 907 1253 978 saal.

136 1011 180 1096 H,
202 1012 231 1097 8,
253 1011 335 1077 94ss
325 1035 360 1076 m
382 1032 522 1076 errorem
543 1010 690 1110 induxit.
1236 1025 1238 1031 ’
1311 1013 1313 1016 ’

575 1187 714 1262 SM·
734 1187 793 1259 V·

136 1327 168 1378 V.
186 1327 210 1379 2.
228 1342 267 1392 sq.
482 1328 576 1392 quibus
594 1327 702 1376 amissas
718 1340 871 1391 reparare
888 1339 982 1401 queam
997 1335 1040 1374 ree

334 1407 440 1459 Artibus
456 1413 535 1475 atque
551 1409 643 1460 modis.

220 1508 279 1573 Vis
299 1507 392 1573 verbi
411 1532 576 1594 reparare,
603 1507 666 1573 hoc
686 1507 816 1593 quidem
837 1506 909 1571 loco
932 1507 1148 1594 apertissima,
1170 1510 1228 1574 mi·

136 1629 197 1671 nus
222 1616 311 1672 recte
334 1606 441 1673 Germ.
463 1609 495 1692 Ι,
521 1609 576 1692 37,
601 1608 652 1672 23.
678 1629 727 1692 sq.
753 1630 810 1671 nec
834 1607 960 1672 lotentee
981 1608 1077 1672 clonae
1099 1610 1162 1675 cito
1182 1615 1260 1675 re-f'-

128 1708 263 1794 paravit
287 1731 360 1772 orae
381 1709 562 1772 etiamnunc
584 1707 767 1794 ambigitur.
792 1697 870 1771 'Est
892 1707 976 1770 enim
997 1707 1092 1793 plane
1107 1707 1247 1780 *eadem-s

137 1815 234 1892 atque
256 1805 361 1871 Oarm.
383 1807 416 1891 Ι,
446 1807 501 1891 31,
530 1808 579 1871 12.
601 1809 675 1872 nimo
707 1805 788 1892 Syro
815 1819 965 1891 reporoto
985 1830 1093 1872 meree.
1135 1808 1255 1896 Ergo*

136 1909 296 1991 reparavit
322 1907 344 1969 i.
365 1927 396 1992 q.
418 1908 548 1972 motanit
572 1905 625 1993 vel
642 1907 851 1992 permutavit,
880 1914 915 1968 ut
936 1904 1110 1992 Cleopatra
1131 1908 1235 1995 celeri¹
1289 1963 1291 1968 .

136 2005 235 2091 fugae
263 2006 297 2069 in
320 2006 458 2091 patriam
476 2005 612 2071 latibula
631 2005 774 2070 locorum
795 2004 990 2070 occultorum
1009 2027 1074 2070 non
1093 2029 1229 2096 praepo·

137 2105 239 2169 ruisse
261 2105 394 2169 dicatur.

136 2238 169 2290 V.
186 2238 210 2290 3.
228 2253 284 2304 sqq.
778 2238 869 2288 Iamne
886 2237 997 2288 doloso

336 2319 396 2370 Non
412 2319 476 2369 satie
493 2322 534 2369 est
548 2318 667 2370 Ithacam
682 2319 771 2370 revehi
786 2322 936 2387 patriosque
952 2324 1060 2386 penates

334 2403 492 2467 Adspiceret

218 2502 334 2568 Doloeo
354 2495 420 2566 non
442 2510 490 2566 est
511 2501 616 2566 doloro
638 2499 773 2584 cuo'dam,
795 2500 853 2566 sed
871 2502 976 2568 doloro
991 2504 1057 2592 tibi.
1091 2501 1147 2569 Sic
1162 2503 1229 2572 Sat.

136 2603 171 2686 Ι,
192 2602 227 2686 3,
248 2603 298 2666 22.
321 2623 369 2689 sq.
387 2627 433 2666 ‘an
453 2614 487 2665 at
507 2603 646 2689 opmotom
667 2600 744 2665 dore
763 2600 853 2666 roobia
874 2603 968 2667 rerba
980 2603 1101 2688 patae?
1134 2604 1178 2689 Π,
1200 2606 1230 2690 3,

139 2703 189 2766 10.
216 2704 249 2766 ei
265 2725 396 2766 vacnum
417 2700 520 2786 tepido
543 2702 672 2787 cepimet
692 2701 798 2765 or'llmo
819 2715 904 2766 tecto.
947 2701 999 2785 Π,
1027 2703 1060 2786 Ι,
1086 2703 1137 2767 32.
1156 2727 1229 2793 eqq.

136 2800 270 2866 Iaceerit
291 2800 336 2864 od
348 2824 380 2865 ee
393 2801 560 2864 Maecenas
580 2823 683 2864 rernm
702 2801 758 2864 aab
779 2801 898 2869 immrito
914 2803 1023 2886 premo
1042 2804 1146 2868 nemim
1160 2828 1230 2871 eorr-

106 2947 107 2950 ,
137 2902 249 2965 otram.
293 2898 360 2963 cfr.
384 2897 634 2981 adsat.H‚6,
657 2898 706 2962 13.

135 3015 169 3067 V.
187 3016 227 3067 20.
245 3029 284 3080 eq.
482 3013 588 3062 Fortem
604 3012 655 3062 hoc
671 3014 786 3064 animum
800 3013 913 3065 tolerare
929 3015 1038 3066 iubebo:

336 3095 372 3145 Et
388 3094 521 3160 quendem
536 3095 636 3146 maiora
652 3095 719 3146 tuli.
754 3097 797 3146 Tu
812 3129 895 3139 --

221 3177 406 3260 Seellntlum
425 3194 521 3258 Hom.
545 3192 608 3271 Od.
629 3193 707 3278 XX,
730 3195 779 3260 18.
830 3211 946 3264 Titinio
975 3206 1023 3278 δὴ,
1048 3213 1157 3288 κραδίη·
1184 3217 1232 3270 καῖ

139 3306 271 3385 κύντερον
292 3306 360 3363 ἄλλο
377 3305 434 3363 ποτ’
444 3309 525 3376 'irinc
542 3293 717 3359 Horkelius
742 3294 824 3360 anal.
846 3296 926 3360 Hor.
948 3318 980 3382 p.
1005 3298 1075 3362 126.
1097 3321 1145 3384 sq.
1166 3324 1233 3366 non

138 3401 222 3459 male
250 3399 427 3481 suspicatus
455 3415 517 3478 cst,
544 3416 576 3458 v.
606 3394 657 3460 21.
678 3392 758 3468 lulli,
783 3393 894 3460 littera
914 3408 927 3460 t
948 3395 990 3460 ab
1013 3397 1127 3462 eadem
1147 3399 1232 3466 inse·

139 3503 255 3581 quante
282 3494 449 3580 absorpta,
475 3494 621 3580 primitus
649 3494 802 3580 scriptmn
833 3495 942 3560 fuisse.
986 3494 1053 3561 Sed
1074 3506 1106 3562 et
1125 3499 1234 3566 Latini

141 3603 172 3659 et
193 3592 328 3677 Graeci,
355 3615 453 3679 quum
480 3605 651 3680 personam
679 3594 983 3679 circumloquutione
1011 3596 1150 3682 quadam
1177 3598 1231 3665 de-

140 3694 320 3780 signarunt,
348 3715 443 3778 quam
470 3693 623 3757 citissime
644 3693 748 3779 ipeam
768 3693 810 3758 ad
829 3716 1002 3780 personam
1022 3706 1231 3784 revertuntur,
1263 3727 1265 3732 ¹

140 3815 240 3879 quare
267 3793 327 3856 terii
347 3813 411 3856 non
438 3793 691 3879 impugnandum
714 3792 913 3858 arbitramur.
957 3793 1024 3859 Ofr.
1047 3793 1115 3860 Sat.
1136 3797 1181 3882 H,
1202 3799 1233 3884 3,

142 3893 193 3958 89.
216 3914 263 3977 sq.
287 3890 394 3956 Carm.
416 3891 448 3975 I,
470 3892 525 3976 37,
549 3892 598 3957 14.
621 3914 691 3978 sqq.
716 3892 785 3977 (ubi
804 3914 870 3957 non
890 3915 996 3977 usum,
1018 3894 1077 3958 sed
1098 3895 1233 3964 abusum

138 3993 207 4059 vini
228 3991 318 4077 tangi
341 4000 372 4055 et
388 3988 595 4077 Cleopatram
608 3991 788 4056 Mareotico
811 4002 1047 4058 consternatam
1068 3994 1232 4080 perhiberi

119 4101 236 4178 ,atque
263 4112 357 4156 veroa
378 4090 507 4155 timores
528 4090 731 4177 lymphaticis
753 4093 916 4179 oppositos
938 4115 1009 4159 esee
1029 4116 1144 4181 parum
1165 4098 1232 4162 ani-

139 4190 347 4257 madversum
367 4189 509 4278 reperio)
533 4199 563 4256 et
582 4189 644 4274 HI,
665 4191 695 4275 5,
719 4191 768 4256 13.
790 4214 838 4278 aq.

927 4336 931 4343 .
1034 4295 1051 4344 9
