2678 4642
120 206 162 272 34
547 223 796 274 comessura·

122 386 257 476 amplius
283 386 451 454 considere
476 410 591 476 passus
618 399 682 474 est,
707 388 797 454 hisce
822 387 1019 476 potissimum
1039 408 1213 474 argumen-

120 488 162 554 tis
183 496 371 553 commotus:
392 487 537 575 turpibus
557 489 644 554 vitiis
666 511 687 554 a
708 511 841 576 corpore
863 488 905 554 ad
919 489 1061 553 animum
1074 486 1211 553 transla-

120 589 161 654 tis
180 588 301 652 amicos
334 588 432 654 etiam
462 587 607 674 turpibus
638 589 725 653 vitiis
758 588 893 653 infectos
920 586 1103 652 tolerandos
1131 586 1212 670 fore,

121 687 207 773 quod
225 708 320 752 nemo
341 709 437 752 sanus
451 687 663 774 praeceperit.
698 687 812 772 Neque
833 685 987 753 credibile
1002 707 1083 769 esse,
1106 687 1212 773 turpia

121 786 296 852 amicarum
321 787 400 851 vitia
424 786 470 850 ita
493 785 599 850 multis
626 784 801 872 placuisse,
828 786 932 873 ipsum
954 787 1038 850 enim
1058 784 1212 872 polypum

120 887 178 952 vix
197 907 291 972 posse
313 897 401 970 turpe
422 887 531 950 ostium
550 884 725 972 perhiberi,
750 894 856 972 utpote
877 907 940 971 quo
960 884 1088 950 nemine
1110 885 1210 970 suspi-

122 993 215 1050 cante
236 983 325 1049 multi
345 984 500 1051 laborent.
531 984 631 1050 Recte
652 1006 730 1050 vero
751 984 854 1049 verba
874 983 929 1049 illa
950 982 1077 1069 singula
1097 1005 1133 1047 se
1154 982 1210 1048 ha·

121 1083 215 1167 bere,
242 1105 339 1169 quum
360 1105 414 1167 ea,
436 1105 518 1169 quae
541 1091 684 1150 amantes
706 1092 761 1148 aut
780 1083 892 1148 fallant
913 1092 968 1148 aut
988 1083 1159 1166 delectent,
1180 1090 1212 1146 et

98 1253 100 1258 ,
121 1185 227 1269 turpia
248 1182 312 1247 dici
332 1191 451 1269 queant
471 1191 503 1248 et
523 1184 609 1249 ostia.
641 1183 727 1247 Huic
747 1191 854 1247 tamen
875 1183 1143 1268 argumentationi
1162 1181 1211 1246 sa·

122 1282 183 1347 cile
204 1283 305 1369 possit
324 1283 370 1347 sic
386 1282 577 1347 contradici:
598 1283 705 1369 turpia
722 1283 899 1347 amicarum
912 1283 991 1348 titia
1004 1280 1110 1345 multis
1125 1303 1211 1345 ama·

4 1405 7 1411 ·
120 1382 241 1447 toribus
273 1389 366 1468 grata
395 1389 523 1469 poetam
554 1404 619 1447 non
650 1382 830 1462 censuisse,
866 1381 925 1446 sed
956 1381 1058 1446 solum
1090 1381 1219 1456 caecis.⁴

121 1480 204 1547 Tum
224 1503 289 1546 non
310 1502 420 1545 omnes
441 1479 576 1567 polypos
596 1481 679 1544 inter
697 1481 803 1567 turpia
823 1481 903 1545 vitia
916 1480 1031 1546 relatos
1050 1503 1132 1565 esse,
1153 1478 1211 1545 sed

121 1579 216 1644 modo
237 1579 375 1666 Hagnae
397 1579 559 1668 polypum.
599 1579 813 1644 Nihilominus
834 1582 940 1666 turpia
959 1581 1037 1644 uitia
1057 1579 1120 1644 hoc
1141 1580 1211 1645 loco

122 1674 326 1764 nequaquam
356 1678 449 1745 nobis
482 1677 634 1764 colligare
665 1679 750 1744 licet.
806 1679 931 1767 Nempe
965 1679 1136 1743 Horatium
1171 1677 1211 1744 dc

122 1777 319 1864 simplicibus
345 1778 488 1865 corporis
514 1777 657 1862 mendis,
683 1800 745 1843 nec
771 1777 811 1842 de
832 1777 976 1865 turpibus
995 1780 1083 1843 vitiis
1105 1778 1211 1865 dispu-

120 1885 206 1943 tasse
232 1877 443 1969 concinnitate
469 1876 651 1943 declaratur
671 1877 909 1942 sententiarum.
951 1877 1025 1942 Istis
1048 1878 1136 1943 enim
1157 1877 1211 1942 bo·

121 1976 269 2061 minibus,
291 1978 346 2064 qui
367 1998 586 2064 quaecumque
609 1975 672 2042 sibi
686 1978 889 2062 ignoscentes
904 1978 1094 2043 acutissimis
1109 1976 1210 2042 ocadis

121 2077 200 2146 vitia
225 2079 394 2141 amicorum
418 2077 529 2141 rimari
554 2078 792 2162 consueverint,
820 2086 916 2162 poeta
937 2078 1068 2163 opponit
1089 2086 1211 2142 amato·

121 2197 184 2259 res,
206 2175 261 2261 qui
281 2174 400 2239 mendic
419 2166 591 2241 amicalem
606 2177 818 2241 caecutientes
835 2176 1044 2263 decipiantur,
1066 2185 1121 2241 aut
1134 2176 1212 2264 ipsis

122 2273 172 2339 his
200 2273 324 2339 mendis
351 2274 447 2338 etiam
471 2273 676 2340 delectentur.
720 2275 817 2356 Quod
841 2276 928 2340 idem
954 2275 1084 2340 errandi
1110 2298 1212 2361 genus

122 2375 156 2441 in
177 2373 317 2438 amicitia
336 2373 403 2438 iam
423 2382 588 2461 receptum
608 2373 686 2458 vult,
707 2374 766 2439 sed
787 2397 826 2440 eo
847 2374 901 2440 hic
920 2375 1063 2440 nondum
1080 2384 1212 2462 recepto

122 2495 181 2539 nos
203 2471 324 2556 saltem,
347 2473 392 2536 uti
411 2480 504 2559 pater
514 2473 586 2560 fila·
604 2475 713 2540 citiam
733 2497 799 2540 non
819 2474 969 2558 fastidiat,
991 2475 1038 2539 sic
1059 2475 1160 2540 amici
1170 2475 1214 2540 ui·

81 2584 83 2588 “
122 2575 200 2638 tiam
229 2594 294 2637 non
321 2571 482 2655 fastidire,
514 2571 573 2638 sed
598 2572 745 2638 occulere
772 2573 892 2639 debere
919 2576 1040 2657 statuit,
1073 2575 1215 2639 amicum

122 2672 215 2737 verbi
242 2692 339 2736 causa
363 2671 492 2758 parcius
518 2671 680 2737 viventem
704 2683 855 2738 vocantes
881 2674 981 2759 frugi,
1012 2675 1156 2760 ineptum
1184 2682 1216 2738 et

38 2802 41 2807 ⁴
123 2770 230 2859 paullo
251 2771 472 2835 iactantiorem
494 2769 635 2836 dicentes
658 2772 848 2838 concinnum
866 2774 987 2857 amieis,
1008 2772 1214 2839 truculentio-

123 2890 193 2936 rem
215 2877 310 2957 atque
335 2868 520 2936 liberiorem
539 2871 717 2937 iudicantes
738 2873 915 2960 simplicem
936 2874 1130 2961 fortemque,
1160 2897 1213 2941 ca·

123 2969 269 3036 hdiorem
294 2970 378 3035 inter
401 2992 493 3036 acres
514 2978 727 3036 numerantes.
771 2971 918 3054 Quocum
938 2995 1084 3038 sermone
1106 2976 1215 3062 turpia

122 3071 203 3136 vitia
227 3069 322 3156 plane
347 3092 413 3136 non
432 3077 654 3135 'consentanea
679 3079 761 3136 sunt.
802 3071 978 3136 Iunxerunt
998 3074 1105 3158 turpia
1124 3075 1213 3156 citio,

124 3192 205 3256 quos
226 3171 332 3254 tarpio
354 3168 388 3253 (i.
410 3191 438 3234 e.
461 3169 684 3256 deformitates,
706 3170 799 3253 emta,
821 3171 943 3252 mendo)
967 3181 997 3236 et
1017 3173 1096 3237 uitia
1118 3194 1213 3258 syno-

123 3291 222 3356 nyma
256 3290 327 3333 esse
351 3267 485 3351 latebat,
509 3269 712 3335 immemores
737 3269 910 3336 verborum
934 3271 1029 3335 modo
1057 3270 1214 3336 lectorum

123 3367 193 3434 Sat.
213 3368 240 3452 I,
261 3369 292 3453 2,
312 3366 363 3434 85.
385 3368 514 3454 peceat,
535 3391 595 3454 quo
615 3370 722 3454 tarpio
742 3369 823 3435 celet.

122 3502 155 3556 V·
171 3503 212 3554 56.
229 3516 286 3568 sqq..
827 3500 929 3551 Probus
946 3501 1005 3566 quis

320 3583 462 3634 Nobiscum
476 3582 549 3647 vivit,
565 3582 675 3633 multum
692 3582 819 3634 demissus
835 3584 997 3636 homor-illi

319 3665 407 3716 Tarde
424 3680 575 3732 cognomen,
591 3666 703 3732 pingui
719 3667 819 3719 damus.

204 3764 299 3830 Haec
319 3772 368 3830 est
388 3764 483 3830 lectio
505 3763 645 3851 vulgata.
687 3763 896 3831 Membranae
916 3785 981 3829 non
1000 3764 1133 3830 multum
1153 3789 1213 3833 va·

124 3864 223 3948 riant,
245 3864 308 3928 nisi
328 3863 415 3950 quod
435 3863 542 3951 plures
563 3877 608 3928 est
627 3864 848 3951 postmultum
868 3873 900 3930 et
911 3866 1045 3953 priapum
1064 3887 1124 3952 pro
1137 3869 1215 3952 pair-

121 3965 181 4053 yui
205 3962 358 4030 exhibent
383 3971 478 4050 atque
503 3964 734 4030 ¹vetustissimus
760 3962 821 4030 cd.
842 3964 1029 4029 Blandinins
1051 3987 1125 4029 cum
1145 3965 1212 4030 Va·

122 4063 258 4131 lartiano
279 4064 413 4130 fortasse
434 4063 507 4130 ficto
527 4063 580 4129 illc
601 4083 644 4128 ex
664 4063 917 4148 frequentissimo
938 4063 1142 4129 librariorum
1162 4086 1212 4128 er-

123 4185 196 4231 rore
205 4151 320 4231 retulit.
348 4163 459 4232 Oritici
473 4172 579 4231 autem
588 4164 746 4231 maximas
758 4162 1060 4248 effecerimtturbas,
1072 4162 1212 4229 necdum
