2678 4642
483 1321 851 1401 OONIEOTANEA

647 1506 683 1554 N

172 1632 559 1739 SATIRAHUM
589 1641 850 1738 LIBRUM
879 1643 1160 1742 PRIMUM.

466 1988 469 1992 ·
565 1945 767 2021 §Am-1.

119 2087 151 2138 V.
171 2088 194 2137 1.
211 2100 267 2152 sqq.
318 2085 371 2148 Qui
387 2083 423 2148 fit,
439 2084 589 2149 Maecenas,
605 2089 635 2137 'ut
650 2098 735 2146 nemo,
752 2098 831 2149 quam
848 2080 898 2134 sibi
915 2089 1010 2136 sortem

319 2168 373 2219 Seu
388 2168 454 2218 ratio
472 2168 570 2218 dederit
587 2184 635 2217 seu
650 2167 704 2217 fors
721 2166 852 2230 obiecerit,
869 2166 927 2218 illa

318 2250 463 2301 Contentus
479 2252 559 2315 vivat,
576 2249 667 2301 laudet
683 2249 785 2300 diversa
801 2251 955 2316 sequentes?

204 2365 286 2430 Tam
306 2366 527 2453 praeiudicata
548 2366 709 2453 opinione,
729 2365 867 2451 primam
887 2364 972 2430 hanc
993 2363 1132 2431 Satiram
1145 2367 1210 2453 pri-

122 2488 210 2530 mum
231 2487 357 2552 quoque
378 2465 506 2531 Horatii
527 2467 692 2552 specimen
711 2465 872 2551 poeticum
892 2465 1000 2549 fuisse,
1025 2487 1120 2552 quam
1141 2467 1211 2530 eius

121 2574 310 2653 argumento
333 2587 427 2629 secus
447 2564 607 2630 intellecto
628 2563 851 2650 nonnullisque
867 2563 946 2628 locis
961 2564 1014 2647 yel
1028 2565 1097 2629 sine
1113 2584 1211 2631 causa

120 2663 278 2729 vellicatis
301 2664 402 2748 (velut
421 2688 452 2730 v.
476 2665 526 2729 13.
548 2686 617 2751 sqq.
641 2673 724 2729 etv.
746 2663 816 2727 120.
838 2662 901 2749 sq.)
924 2663 977 2729 vel
997 2665 1102 2729 minus
1122 2673 1210 2730 recte

121 2765 264 2828 tractatis
280 2763 329 2847 (ut
340 2788 373 2829 v.
388 2764 439 2828 23.
456 2786 525 2849 sqq.
542 2773 574 2829 et
586 2788 617 2829 v.
636 2764 706 2828 108.
722 2761 806 2849 sqq.)
822 2763 942 2828 factum
953 2772 1011 2847 est,'
1024 2772 1059 2828 ut
1069 2765 1210 2833 maxime

120 2863 327 2928 Heindorfius
356 2863 619 2950 compositionem
645 2861 738 2927 huius
767 2864 922 2926 sermonis
950 2862 1209 2950 reprehenderet.

121 2963 154 3026 Is
176 2971 284 3027 autem
304 2962 430 3028 libellus
451 2962 581 3027 minime
602 2962 729 3027 Horatii
756 2962 878 3048 primus
905 2962 978 3045 fuit,
1005 2963 1123 3049 quippe
1152 2962 1209 3049 qui
1256 2962 1259 2967 ’

123 3062 164 3127 ab
176 3062 265 3127 initio
277 3062 405 3127 omnino
419 3085 484 3127 non
497 3070 648 3148 poemata
661 3062 787 3144 Latina,
803 3061 861 3126 sed
874 3060 1050 3126 versiculos
1066 3061 1210 3127 Graecos

122 3161 250 3245 feeerit,
282 3162 491 3247 quamobrem
523 3162 716 3248 principium
746 3161 898 3246 Epistl,
922 3161 951 3225 1.
993 3161 1103 3227 Preion
1130 3162 1211 3227 dioto

121 3261 211 3343 molti,
238 3285 358 3326 summo
384 3261 511 3326 dicende
538 3284 664 3326 camena
689 3259 862 3346 nequead
890 3258 956 3325 Sat.
976 3261 1003 3344 Ι,
1025 3264 1053 3326 1.
1080 3283 1142 3326 nec
1168 3261 1210 3327 ad

123 3359 230 3425 Oarm.
245 3361 272 3444 Ι,
289 3361 316 3425 1.
339 3361 454 3425 referri
479 3368 597 3447 potest,
623 3359 682 3424 sed
706 3361 810 3446 potius
823 3356 881 3425 ”ad
906 3359 1118 3447 praedicandi
1147 3361 1209 3426 for-

122 3459 240 3525 mulam
267 3482 367 3546 usque
396 3459 438 3525 ab
464 3459 607 3524 Homero
634 3468 845 3547 pervagatam
872 3467 903 3523 et
929 3459 1048 3524 dudum
1073 3482 1094 3525 a
1113 3461 1227 3525 Lam·

122 3558 199 3624 bino
211 3559 346 3646 aliisque
357 3559 546 3624 illustratam
557 3559 704 3625 revocari
720 3557 825 3642 debet,
839 3559 884 3623 ita
898 3567 932 3622 ut
944 3557 1027 3624 haee
1039 3559 1210 3645 appellatio

122 3657 444 3724 honorificentissima
455 3657 583 3723 evadat:
605 3660 725 3724 enecate
740 3660 874 3727 sarmoise
888 3659 968 3722 milri
979 3658 1068 3740 dicte,
1084 3672 1211 3725 caecare

123 3758 266 3842 dicende,
289 3759 310 3823 i.
326 3781 354 3823 e.
378 3779 405 3829 Α
426 3771 455 3822 et
472 3777 500 3828 Ω
522 3783 634 3840 rreum,
661 3759 706 3822 uti
733 3759 799 3822 iam
824 3759 858 3822 in
887 3756 1010 3822 dissert.
1038 3758 1078 3822 de
1106 3767 1211 3824 aetate

121 3868 305 3946 poematum
318 3858 570 3923 Horatianorum
585 3880 604 3922 a
618 3857 656 3922 R.
671 3857 817 3921 Bentleio
832 3857 964 3922 inventa
978 3878 1010 3943 p.
1028 3857 1076 3921 10.
1100 3857 1208 3924 docui-

123 3980 204 4023 mus.
241 3958 312 4022 Nec
333 3958 465 4043 gravius
489 3966 544 4041 est,
567 3957 653 4044 quod
674 3957 719 4022 ait
738 3955 960 4040 Heindorfius,
990 3967 1211 4042 argumentum

123 4057 277 4122 sermonis
304 4056 410 4122 videri
437 4057 470 4120 in
495 4057 585 4122 initio
612 4057 848 4144 pronuntiatum
869 4077 957 4140 esse,
984 4078 1058 4120 nam
1087 4057 1114 4120 si
1141 4056 1212 4124 aliis

122 4157 222 4222 ‘etiam
243 4156 335 4223 aliter
354 4157 511 4242 videatur,
533 4157 629 4225 facile
643 4157 793 4224 Horatius
811 4155 968 4243 plectatur
987 4155 1212 4246 multipliciter,
