2678 4642
180 219 240 286 106
438 250 440 253 ·
515 299 517 303 ¹
625 234 859 287 cormornnm

178 403 297 470 satirae
318 422 420 489 genus
442 399 484 467 ab
505 400 640 466 Horatio
667 405 914 489 contrapositum
944 402 1120 492 respiciens
1147 400 1266 491 simpli·

179 503 260 569 citer
279 501 482 589 respondisse
503 500 630 566 videtur
656 503 811 567 solventur
835 505 904 568 rr'su
929 513 983 568 tuo
1010 503 1145 586 lobeke,
1172 501 1204 566 h.
1233 524 1263 567 e.

178 605 280 668 sotera
294 615 348 666 toa
361 603 441 689 lepes
460 602 647 666 resolventur
667 624 723 666 seu
744 603 966 668 rescinderetur.
1001 602 1093 668 Idem
1117 603 1268 687 designat

177 705 263 768 risus
284 702 351 767 Sat.
372 701 399 785 I,
421 700 451 785 4,
473 700 524 765 34.
558 699 707 766 Ceterum
728 703 879 767 omissum
900 724 1119 790 prononomen
1138 723 1265 790 posses-

179 804 285 868 sivum
298 803 487 887 interpretes
506 809 537 865 et
551 800 629 865 alibi
649 800 790 887 fallebat,
813 825 841 867 e.
864 825 914 889 gr.
937 802 1043 870 Oarm.
1057 802 1119 886 III,
1141 801 1191 886 23,
1215 799 1265 865 17.

177 903 330 970 Immanis
350 925 440 968 oram
459 902 492 966 ei
510 902 609 988 tetrpit
629 925 748 985 monas,
770 925 815 968 sc.
838 915 902 968 tao.

606 1227 743 1303 §Am
762 1230 835 1302 11.

177 1401 209 1453 V.
226 1402 250 1454 2.
332 1401 388 1453 Nec
403 1415 476 1452 meus
491 1399 535 1450 hic
550 1414 633 1450 sermo
651 1403 698 1464 est,
715 1399 763 1450 sed
779 1414 863 1466 quae
879 1401 1012 1466 praecepit
1028 1398 1131 1450 Ofellus
1147 1429 1232 1442 --

260 1533 393 1599 Plurimi
412 1532 509 1598 MSS.
530 1556 619 1619 qoem
640 1533 790 1615 offerunt,
812 1530 898 1617 quod
918 1531 1013 1597 modo
1042 1530 1264 1618 accommoda-

178 1634 259 1700 tioni
279 1635 321 1709 ad
341 1655 458 1706 nomen
478 1656 577 1698 sermo
599 1632 756 1718 originem
778 1630 897 1697 debere
923 1633 993 1698 veri
1019 1653 1085 1696 non
1111 1631 1266 1697 dissimile

180 1743 237 1818 est,
260 1734 387 1804 etiamsi
404 1734 591 1819 praecipere
617 1755 786 1796 sermonem
809 1730 902 1796 nobis
928 1754 992 1796 non
1017 1732 1109 1818 peius
1136 1731 1267 1797 videtur

181 1856 283 1925 quam,
294 1835 478 1920 praecipere
500 1846 609 1896 contus
632 1830 867 1923 (Carm41,24.
889 1829 959 1915 in),
980 1853 1084 1919 neque
1105 1831 1266 1897 sententia

180 1934 287 1999 existit
307 1932 522 1997 incommoda:
543 1956 599 1996 nec
620 1955 705 1997 meos
725 1931 776 1996 lic
797 1954 895 1996 sermo
917 1944 970 2014 est,
985 1931 1267 2018 sedproeceptoris

184 2032 288 2120 Ofelli,
310 2055 405 2119 quam
426 2034 461 2096 in
481 2033 623 2119 speciem
645 2033 747 2122 etiam,
763 2041 875 2095 auctor
895 2029 988 2095 huius
1016 2030 1171 2096 formulae
1196 2031 1264 2094 Eu-

177 2133 298 2224 ripides
318 2131 492 2218 Menalipp.
521 2133 636 2218 fragm.
659 2131 688 2196 6.
712 2129 793 2194 dixit
809 2142 857 2199 oie
881 2139 949 2216 spir
967 2141 982 2198 ὃ
1000 2144 1099 2214 μῦθος,
1120 2141 1180 2198 ost·
1197 2145 1269 2215 iper

178 2242 279 2324 μητρός
293 2248 377 2321 πάρα.
425 2232 616 2296 Pronomine
645 2255 723 2318 quoe
748 2253 823 2295 usus
849 2240 946 2317 poeta
971 2230 1034 2295 hoc
1060 2234 1173 2295 otiatus
1201 2244 1265 2292 est:

177 2357 233 2402 uec
252 2357 337 2396 oseas
357 2333 407 2396 lic
428 2355 526 2396 sermo
549 2345 601 2414 est,
624 2331 681 2395 sed
692 2344 865 2417 praecepta
891 2329 994 2416 Ofelli,
1022 2352 1159 2416 quocum
1188 2351 1265 2394 con-

176 2431 271 2504 tende
298 2431 376 2496 Eur.
397 2429 471 2494 Hel.
494 2431 565 2495 520.
587 2443 669 2515 λόγος
682 2442 739 2520 γάρ
756 2446 830 2498 ἔστιν
846 2444 898 2498 oria
915 2439 1102 2533 ἒμδῇσοφαῖν
1119 2442 1149 2498 δ’
1165 2445 1233 2501 ἔπος,

176 2583 208 2641 V.
227 2583 266 2641 14.
283 2596 322 2647 sq.
377 2580 465 2641 Quum
481 2578 556 2630 labor
573 2578 734 2630 extuderit
749 2578 863 2642 fastidia,
880 2580 974 2643 siccus,
990 2580 1077 2630 inanis

376 2663 474 2728 Sperne
491 2664 577 2713 cibum
593 2662 671 2712 vilem
686 2695 769 2704 --

179 2801 181 2804 ’
260 2795 362 2862 Varia
381 2793 477 2860 lectio
499 2795 642 2860 cotelerii
663 2816 705 2859 ex
729 2792 845 2859 mendo
873 2795 1066 2881 scripturae,
1088 2792 1146 2858 sed
1167 2817 1288 2880 espa-1
1329 2827 1331 2831 ·

177 2896 289 2967 leo-ite
310 2895 505 2982 glossemate
525 2893 652 2982 prodiit,
674 2917 750 2958 nam
770 2894 856 2980 quod
878 2895 1077 2960 asseveravit
1089 2893 1265 2977 Bentleius,

177 2996 298 3082 ubique
328 2994 462 3063 verbum
494 2995 660 3060 estundere
690 2994 905 3060 tantummodo
932 2996 999 3061 vim
1025 2993 1146 3059 habere
1172 2993 1264 3058 inve·

177 3096 298 3178 niendi,
320 3095 524 3181 acquirendi,
546 3093 751 3182 impetrandi,
774 3094 999 3180 extorquendi,
1020 3094 1054 3157 in
1076 3116 1114 3158 eo
1137 3091 1264 3157 deside-

178 3218 284 3262 ramus
308 3195 634 3280 ciroumspectionem.
676 3193 807 3258 Scilicet
827 3193 915 3263 aliud
936 3202 983 3267 est
1003 3217 1068 3258 rem
1088 3195 1153 3259 iam
1166 3217 1265 3279 pre-e-

178 3309 291 3362 sentem
312 3293 487 3375 estundere,
516 3292 603 3359 aliud
621 3317 686 3358 reru
710 3294 846 3359 nondum
863 3307 1072 3383 praesentem·
1086 3292 1228 3358 serundo

176 3395 321 3459 Alterum
361 3393 521 3478 significat
551 3392 706 3458 tundendo
736 3417 906 3477 removere,
940 3394 1074 3459 alterum
1108 3391 1217 3457 tande..

172 3515 363 3581 promouere,
386 3515 448 3579 qua
470 3492 599 3557 diversa
625 3493 748 3557 ratione
778 3488 873 3558 etiam
899 3493 1001 3559 verba
1028 3506 1184 3573 eocarere,
1213 3517 1267 3557 ere·

174 3597 321 3682 prirnem,
344 3606 480 3656 esterere
501 3591 625 3679 aliaque
646 3594 768 3679 passim
788 3581 989 3680 usurpantur.
1021 3592 1135 3677 Itaque
1157 3591 1265 3656 Horu-

176 3696 239 3759 tius
261 3692 429 3757 estundere
441 3691 587 3779 fastidio
614 3714 714 3778 aeque
735 3702 825 3757 recte
847 3693 928 3757 dixit
948 3715 987 3757 ac
1009 3691 1135 3756 Seneca
1155 3690 1270 3779 Epist.

179 3794 249 3859 119.
268 3792 444 3881 fastidiam
471 3805 620 3856 eecutere.
663 3792 777 3877 Neque
802 3801 936 3876 mutem,
969 3793 997 3856 si
1023 3791 1108 3856 solus
1136 3791 1228 3855 dixer

175 3917 250 3959 nam
272 3893 448 3957 rectissime
475 3893 541 3956 iam
567 3886 730 3957 Gesnerus
759 3892 802 3956 ad
830 3891 896 3979 Sat.
919 3893 945 3975 I,
967 3891 997 3976 4,
1018 3893 1069 3956 26.
1091 3913 1150 3956 nos
1176 3913 1247 3955 cos.

176 3993 360 4058 monefecit:
385 3991 443 4075 „Si
463 3990 639 4078 singularia
656 3993 762 4056 omnia
777 4000 808 4056 et
825 3992 927 4057 semel
947 4001 1071 4057 tantum
1093 3990 1268 4058 observata

176 4094 364 4159 damnamus
380 4101 411 4156 et
425 4091 644 4158 emendamus:
665 4091 759 4177 ilicet,
775 4101 924 4178 quantam
937 4093 1068 4180 partem
1076 4090 1265 4158 Latinitatis

176 4192 422 4261 abolebimus?“
