2678 4642
121 217 163 283 36
548 231 783 282 conmortuus

121 399 276 485 11,3,13.
294 397 363 463 164.
380 419 427 484 sq.
450 396 900 484 11‚5,t4.sq.96.11,6‚50.
919 394 1214 480 quenum.

120 500 147 584 Ι,
163 499 213 582 27,
228 499 258 563 9.
275 520 322 585 sq.
340 498 389 563 13.
400 497 506 584 Epist.
522 496 548 581 Ι,
565 497 593 580 l,
608 497 658 561 33.
676 498 727 562 36.
743 497 849 584 blsq.
866 497 917 562 87.
931 497 995 582 (89.
1008 495 1078 562 cic.
1090 495 1212 561 Parad.

120 598 180 681 VI,
197 597 240 682 l.)
263 598 289 682 I,
312 598 341 681 6,
363 597 414 662 29.
430 597 481 662 56.
503 595 667 680 11,3,.25.
688 596 760 661 329.
802 595 909 683 Magis
930 603 1037 660 autem
1062 603 1214 683 corrupta

123 706 195 763 sunt
208 697 310 762 verba
321 718 391 783 sqq.
404 697 530 783 'qualem
550 718 597 759 me
618 719 709 782 saepe
726 696 854 760 lebenter
868 695 1029 760 obtulerim
1042 696 1109 778 tibi,
1125 697 1221 760 ‚Moe
1268 780 1269 784 Ἰ

124 820 233 879 cenas,
255 804 289 862 ut
309 798 430 883 primus
453 795 682 861 demonstravit
701 793 875 859 Horkelius
896 792 980 859 anal.
1001 793 1082 859 Hor.
1104 818 1137 882 p.
1160 795 1211 860 37.

124 918 195 983 sqq.
232 895 268 960 Si
287 905 383 982 poeta
403 917 438 960 sc
459 893 642 959 Maecenati
663 894 767 959 minus
788 892 946 959 urbanum
973 915 1071 980 saepe
1099 893 1213 960 obtulit

121 995 267 1079 libenter,
291 1017 348 1059 cur
369 1017 443 1059 usus
465 994 505 1058 sit
526 993 911 1058 coniunctivoodtulerim
931 993 965 1058 in
983 1014 1019 1057 re
1034 1001 1066 1058 ct
1079 993 1212 1060 multum

84 1100 86 1105 ’
124 1103 250 1159 etcum
271 1093 432 1181 voluptate
454 1093 590 1181 repetita
622 1092 759 1178 ideoque
791 1114 880 1157 mere
912 1091 1088 1158 historica?
1123 1093 1212 1158 Dein
1262 1100 1264 1105 '

125 1195 154 1258 si
175 1215 210 1258 se
231 1192 415 1258 Maecenati
436 1215 534 1280 saepe
550 1190 777 1279 simpliciorem
792 1190 979 1257 exhibuisse
994 1191 1089 1256 fateri
1101 1192 1212 1276 voluit,

118 1291 188 1358 boc
208 1293 312 1378 potius
334 1315 355 1357 a
375 1314 410 1357 se
432 1293 533 1357 inscio
564 1313 661 1378 quam
689 1314 731 1356 ex
758 1290 848 1357 libito
876 1292 996 1356 factum
1024 1313 1096 1356 esse
1125 1314 1211 1357 asse·

123 1414 238 1459 verare
260 1390 409 1457 debebat.
445 1391 516 1455 Nec
536 1399 644 1456 tamen
664 1390 813 1455 Horkelii
836 1391 1053 1456 coniecturam
1075 1392 1211 1474 licenter,

124 1513 221 1577 quam
241 1490 485 1577 Vitebcrgensis
512 1489 567 1554 ille
594 1489 851 1574 Praedikowius,
880 1490 935 1576 qui
964 1490 1124 1576 exquisita
1153 1503 1217 1556 sua'

31 1668 38 1681 ι
122 1589 268 1655 doctrina
290 1591 416 1655 criticos
438 1589 588 1676 indignos
610 1580 777 1655 declarans
799 1589 953 1676 pleraque
974 1588 1102 1654 Horatii
1128 1613 1151 1655 a
1175 1612 1211 1654 se

123 1688 270 1754 adornati
285 1689 481 1777 exemplaria
496 1689 679 1773 combussit,
700 1691 766 1754 iam
778 1690 1038 1776 praeoccupavit,
1061 1689 1212 1776 equidem

124 1789 308 1877 amplectar.
344 1790 418 1856 Hac
439 1788 563 1855 scilicet
584 1787 805 1854 emendatione
828 1788 970 1854 admissa
988 1797 1085 1876 poeta
1104 1789 1211 1876 pristi-

121 1910 181 1954 nos
209 1890 365 1976 quosdam
394 1911 518 1955 errores
549 1890 619 1976 ipse
650 1888 843 1975 reprobasse
876 1888 1000 1953 dicitur.
1045 1887 1091 1952 At
1113 1888 1212 1973 idem,

123 1989 152 2053 si
173 2011 324 2076 umquam
345 1989 499 2054 adversus
520 1987 743 2054 Maecenatem
758 2009 829 2052 sese
844 1989 945 2073 gessit
957 1986 1101 2072 licenter,
1124 1997 1212 2052 certe

125 2088 230 2174 primo
251 2088 475 2152 familiaritatis
497 2096 656 2174 tempore,
679 2109 741 2174 quo
762 2086 844 2151 baec
866 2085 974 2152 Satira
996 2087 1126 2152 condita
1155 2096 1212 2172 est,

123 2208 145 2250 a
165 2209 364 2274 quacumque
384 2186 517 2252 licentia
537 2203 737 2274 summopere
760 2187 853 2270 cavit,
874 2209 951 2251 nam
971 2185 1054 2251 haec
1077 2208 1210 2251 consue-

122 2285 198 2350 tudo
220 2288 331 2372 primis
352 2294 475 2374 septem
496 2286 549 2352 vel
575 2276 645 2351 octo
673 2287 765 2350 annis
792 2286 894 2351 levior
920 2286 979 2351 fuit
1007 2285 1052 2370 (r.
1075 2284 1144 2351 Sat.
1167 2286 1211 2371 Π,

126 2385 155 2470 6,
169 2385 221 2449 40.
238 2384 334 2471 sqq),
355 2387 401 2450 ita
420 2394 454 2450 ut
473 2394 570 2472 poeta
590 2386 731 2450 maxime
754 2385 914 2450 officiosus
929 2386 971 2450 ad
985 2385 1212 2450 Maecenatem

124 2484 319 2550 contendere
342 2486 552 2550 consueverit.
595 2484 636 2550 V.
659 2482 727 2577 Sat.
742 2483 786 2568 H,
801 2484 830 2569 6,
845 2485 895 2549 30.
919 2507 966 2572 sq.
990 2493 1022 2549 ct
1040 2485 1085 2568 Π,
1107 2485 1136 2568 l,
1158 2485 1211 2550 32.

17 2649 19 2652 .
122 2606 193 2669 sqq.
227 2583 297 2648 Imo
321 2583 418 2650 valde
444 2583 644 2651 verecundus
673 2605 760 2670 erga
785 2593 953 2670 patronum
978 2583 1214 2650 nobilissimum

121 2692 265 2769 tempore
295 2685 392 2770 etiam
419 2685 593 2771 posteriore
621 2690 703 2766 erat,
731 2691 766 2747 ut
791 2705 833 2747 ex
859 2683 1062 2770 Epist.1,1,
1086 2683 1158 2749 105.
1182 2693 1214 2749 ct

122 2782 150 2866 I,
172 2781 201 2867 l,
226 2783 276 2848 13.
299 2783 412 2848 elucet.
448 2784 561 2872 Itaque
582 2783 708 2848 licenter
728 2805 880 2869 magnam
901 2783 1031 2869 quidem
1057 2783 1212 2869 probabi·

122 2880 246 2947 litatem
267 2890 449 2968 externam,
475 2881 595 2948 nullam
616 2903 692 2948 vero
713 2882 869 2947 internam
890 2882 1001 2965 habet,
1021 2885 1213 2969 pracsertim

122 2981 282 3048 vocabulo
303 3007 396 3072 saepe
418 2982 604 3048 accedente.
636 2981 716 3048 Veri
737 2992 844 3047 autem
865 3004 929 3046 non
952 2981 1105 3047 dissimile
1120 2982 1213 3048 vide-

123 3088 184 3165 tur,
205 3081 355 3148 librarios
374 3082 573 3149 Maecenatis
588 3080 748 3167 epitheton
763 3081 806 3147 ad
819 3081 988 3146 Horatium
1002 3081 1213 3166 transtulisse,

122 3202 239 3267 nempe
261 3203 303 3246 ex
323 3206 415 3269 saepe
437 3180 534 3248 [tuenti
555 3181 638 3246 futili
658 3203 715 3246 suo
736 3203 824 3247 more
850 3205 942 3268 saepe
962 3181 1091 3246 libenter
1111 3181 1213 3247 fabri·

124 3288 244 3345 cantes.
287 3280 382 3347 Certe
404 3283 523 3368 qualem
543 3305 590 3346 me
611 3304 701 3369 saepe
722 3282 831 3346 libenti
849 3282 1009 3346 obtulerim
1029 3282 1103 3364 tibi,
1125 3282 1214 3346 Moe-

125 3402 225 3462 oeoas,
247 3379 269 3445 i.
286 3400 314 3445 e.
334 3391 446 3467 α’σμὲνῳ
462 3414 514 3461 σοι,
540 3402 636 3466 quam
656 3381 796 3445 maxime
809 3380 872 3445 huc
887 3379 1031 3467 quadrat,
1053 3379 1214 3467 quiahoc

124 3479 287 3545 enuntiato
308 3481 359 3546 vir
380 3502 506 3567 quoque
528 3481 795 3566 generosissimus
820 3502 841 3545 a
860 3479 957 3566 vulgo
985 3480 1066 3546 vitia
1091 3481 1212 3546 amico·

123 3599 196 3643 rum
216 3588 436 3666 exaggerante
457 3600 586 3666 prorsus
610 3578 798 3644 dissentiens
819 3579 975 3644 laudatur.

207 3677 299 3760 Quae
320 3680 508 3767 interpretes
530 3678 571 3743 de
592 3678 693 3744 verbo
713 3680 852 3768 inpellat
874 3679 1086 3766 disputarunt,
1106 3679 1212 3744 maxi·

122 3799 209 3844 mam
230 3799 270 3842 ea
290 3787 413 3866 partem
432 3778 593 3844 mirabilia
614 3787 695 3843 sunt.
740 3778 919 3864 Ocniugari
938 3800 1003 3843 non
1024 3801 1119 3865 posse
1141 3778 1214 3844 sola

122 3877 234 3962 verba,
245 3879 337 3964 forte
351 3879 495 3966 degustem
509 3891 563 3942 aot
577 3879 705 3943 tom'tum
718 3877 945 3964 impellet-inde
959 3879 1104 3964 patescit,
1125 3880 1212 3965 quod

120 3975 266 4065 legentem
296 3991 351 4042 out
381 3979 510 4043 tacitum
540 4001 595 4042 seu
625 3977 823 4042 meditantem
852 3978 1007 4064 impellere
1045 3977 1212 4045 dumtaxat

121 4075 280 4162 significat
304 4076 449 4165 legentem
473 4090 528 4142 out
557 4075 755 4143 uwddontem
782 4077 827 4142 od
853 4077 1028 4142 oeiem’orem
1051 4077 1211 4144 lectionem

122 4173 178 4241 iat
200 4175 430 4278 meriitotioueru
455 4177 596 4244 incitare.
638 4176 809 4265 Iungenda
834 4177 932 4264 igitur
959 4184 1031 4242 sunt
1048 4178 1142 4263 forte
1170 4178 1211 4244 le·
