2678 4642
548 219 782 269 comeranus

321 386 372 448 Qui
389 385 448 449 nisi,
465 401 546 453 quum
561 383 646 437 tristes
663 386 757 436 misero
773 400 868 436 venere
885 385 1018 450 calendae,

319 468 465 519 Mercedem
482 475 528 520 aut
544 484 663 520 nummos
679 469 820 520 undeunde
837 469 952 532 extricat,
970 483 1075 520 emeras

318 550 441 601 Porrecto
457 551 548 618 iugulo
565 552 686 602 historias
704 553 823 617 captivus
839 557 870 602 ut
887 552 968 603 audit.

203 631 408 698 Adiectivum
428 635 557 699 acerbus
586 635 690 699 critici
710 635 827 722 partim
848 634 890 699 ad
910 633 1014 700 verba
1035 633 1213 720 superiora,

121 733 238 820 partim
259 733 302 798 ad
329 734 484 798 inferiora
510 733 681 820 applicant.
725 733 840 798 Utrum
867 734 908 798 sit
933 734 1066 816 rectius,
1100 730 1140 797 de
1174 753 1213 796 ee

121 855 186 898 non
208 833 463 920 disceptandum,
484 833 561 919 quia
581 834 710 899 acerbus
732 834 859 898 omnino
880 854 944 897 non
959 841 1047 897 recto
1063 831 1213 897 stattalo.

122 932 205 997 Tota
226 933 312 997 enim
333 933 529 1019 comparatio
552 930 696 1019 puellum
715 933 937 1020 delinquentem
965 934 1097 997 ancienne
1119 930 1218 997 odisti

122 1044 151 1097 et
162 1033 259 1120 sapis
281 1032 348 1116 (vel
368 1033 496 1097 arabas
518 1032 617 1096 edisti
634 1044 662 1096 et
673 1033 785 1120 sepes,
814 1031 899 1118 quod
927 1030 1087 1117 aliquanto
1116 1028 1215 1096 etiam

121 1133 213 1218 peius
237 1129 309 1215 est),
329 1143 364 1196 nt
383 1131 539 1196 Rusonem
568 1131 688 1196 debitor
716 1133 816 1214 aeris,
838 1131 895 1218 qni
918 1131 1055 1196 calendie
1068 1130 1214 1196 'mercede

122 1243 176 1296 ant
196 1232 331 1295 nammis
357 1254 420 1295 non
451 1232 613 1296 eatn'cetss
633 1256 758 1296 emeres
777 1231 924 1298 historiae
936 1242 1084 1315 porrecto
1109 1231 1215 1318 inpulsi

122 1343 158 1394 nt
179 1330 319 1416 captibus
341 1329 430 1394 ondit
451 1331 584 1416 egregie
606 1329 737 1395 vacillat
755 1338 789 1394 et
810 1328 979 1413 claudicat,
1000 1329 1151 1414 quoniam
1172 1351 1215 1395 ne

123 1430 289 1494 minimam
310 1428 440 1515 quidem
462 1428 715 1514 similitudinem,
738 1451 821 1516 quae
843 1430 926 1493 inter
946 1427 1088 1516 paullum
1113 1428 1214 1494 delin-

126 1537 275 1615 quentem
296 1529 434 1593 amicum
456 1536 487 1592 et
507 1529 684 1613 Rusonem,
706 1529 859 1594 acerbum
880 1529 976 1593 istum
1001 1528 1216 1594 feneratorem

12 1680 15 1686 .
124 1637 156 1692 et
176 1628 393 1712 recitatorem,
414 1629 640 1712 intercesserit,
662 1628 835 1693 indicatam
855 1631 1024 1693 cernimus.
1055 1627 1135 1693 Sine
1158 1628 1215 1693 du·

123 1726 178 1792 bio
201 1736 308 1792 autem
337 1729 463 1792 tertium
491 1729 752 1815 comparationis,
779 1737 813 1792 ut
840 1729 942 1811 aiunt,
970 1728 1131 1794 acerbitas
1157 1728 1218 1793 fuit

123 1826 265 1915 paullum
287 1826 499 1914 delinquentis
521 1829 618 1893 amici
648 1828 738 1911 ficta,
769 1827 907 1892 Rusonis
938 1849 1027 1893 vera.
1078 1826 1153 1907 Qua
1175 1827 1216 1894 dc

127 1949 226 1992 causa
246 1926 300 1992 hic
321 1927 410 1992 locus
425 1929 470 1992 ita
484 1927 703 1992 emendandus
726 1937 786 1992 est:
809 1925 936 1992 uectium
953 1926 1051 1992 edisti
1069 1939 1097 1991 et
1109 1929 1216 2016 sapis,

125 2027 212 2113 quod
232 2028 298 2091 iam
319 2027 462 2113 Reisigio
485 2029 662 2114 scripturae
682 2027 835 2113 vulgatae
853 2035 1020 2113 praestare
1034 2026 1217 2093 videbatur.
1260 2050 1263 2059 ·

125 2127 202 2190 Post
222 2127 363 2191 tbsnaeis
383 2127 597 2192 nominativus
618 2128 747 2192 acerbas
777 2148 835 2214 pro
858 2126 1042 2219 accusativo
1063 2126 1218 2192 facillime

125 2225 354 2290 suffieiebatur.
397 2226 438 2292 V.
460 2225 504 2290 ad
524 2226 591 2291 Sat.
607 2226 678 2311 1,2,
696 2225 766 2291 125.

125 2325 157 2376 V.
177 2325 231 2377 120.
250 2340 289 2391 sq.
327 2324 395 2375 Nam
411 2329 446 2375 ut
461 2325 546 2375 ferula
563 2327 658 2376 caedas
676 2327 796 2376 meritum
811 2325 911 2375 maiora
927 2324 1014 2375 subire

323 2407 446 2472 Verbera,
463 2425 517 2458 non
533 2424 650 2459 vereor
666 2446 749 2456 .-

129 2514 131 2518 ‘
209 2489 310 2555 Recte
331 2503 366 2554 nt
385 2512 444 2578 pro
466 2515 504 2556 ne
523 2491 577 2556 hic
597 2492 735 2578 positum
757 2512 827 2555 esse
850 2491 971 2555 cunctis
989 2488 1220 2576 supplementis

124 2598 191 2655 tam
211 2589 403 2675 rudioribus,
425 2590 531 2678 qualia
552 2600 624 2655 sunt
645 2590 806 2674 Lambini,
834 2589 957 2656 Olarkii
979 2589 1036 2673 (ad
1056 2588 1152 2655 Caes.
1174 2591 1216 2657 Β.

128 2689 168 2755 G.
191 2689 232 2773 V,
253 2689 336 2774 lt),
362 2689 559 2775 Heindorfii,
588 2689 737 2773 aliorum,
764 2711 861 2777 quam
887 2688 1123 2774 subtilioribus,
1154 2712 1220 2777 quo

121 2790 264 2875 Reisigii
283 2789 364 2854 illud
382 2790 533 2875 pertinet,
555 2791 608 2854 cui
629 2789 755 2854 facilius
778 2791 875 2854 etiam
895 2792 941 2854 ita
968 2787 1012 2872 (v.
1036 2788 1079 2853 ad
1101 2788 1168 2855 Sat.
1191 2791 1220 2876 Ι,

128 2890 158 2974 6,
168 2889 234 2975 31.)
252 2888 393 2954 adiicere
409 2890 522 2976 possis,
536 2911 602 2954 non
620 2891 759 2954 evinces.
788 2889 872 2954 Nam
888 2889 916 2953 si
931 2888 986 2954 vel
997 2911 1096 2953 unum
1105 2888 1222 2956 horum

127 2989 392 3055 adminiculorum
416 2989 565 3054 Latinum
587 2990 713 3073 fuisset,
733 2998 805 3076 post
824 2989 926 3054 verba
947 2988 1081 3053 timendi
1101 3003 1137 3054 nt
1159 3013 1220 3077 pro

126 3113 164 3154 ne
181 3089 295 3153 millies
317 3089 454 3176 reperiri
467 3088 608 3154 deberet.
637 3089 709 3170 Quo
725 3078 810 3153 enirn
825 3089 859 3180 in
872 3088 941 3153 loeo
958 3095 1030 3176 post
1046 3087 1101 3153 illa
1117 3089 1222 3156 verbe

126 3197 183 3254 aut
201 3188 283 3253 illud
303 3197 358 3253 aut
377 3191 424 3254 ita
444 3211 510 3253 non
530 3190 667 3275 potuerit
692 3188 887 3274 cogitatione
909 3187 1065 3274 suggeri?
1101 3188 1221 3277 Apage

126 3289 225 3375 igitur
239 3288 300 3352 ista
316 3287 510 3354 adminicula
524 3288 604 3353 nihil
617 3312 682 3354 non
695 3289 910 3375 persanantia.
931 3287 1095 3372 Horatius,
1111 3289 1222 3375 credo,

126 3387 189 3453 hoc
210 3387 282 3452 loco
303 3408 369 3450 non
389 3388 496 3472 magis
517 3402 552 3452 nt
565 3411 622 3476 pro
638 3413 676 3454 ne
690 3389 855 3474 usurpavit
869 3410 966 3474 quam
981 3386 1046 3452 Sat.
1062 3387 1089 3472 I,
1104 3389 1134 3473 2,
1148 3389 1221 3455 127.

129 3497 160 3552 et
180 3486 285 3573 Epist.
307 3485 335 3570 I,
359 3486 407 3570 16,
430 3487 491 3571 19,
514 3487 573 3552 sed
601 3497 655 3553 aut
680 3512 743 3553 non
767 3511 875 3552 vereor
900 3488 1027 3551 omnino
1054 3509 1120 3552 non
1148 3511 1223 3554 cum

129 3585 393 3651 antecedentibus
426 3588 608 3672 coniunxit,
639 3588 817 3674 praemissa
847 3588 996 3651 nimirum
1027 3585 1090 3651 hac
1122 3602 1221 3674 quae·

129 3688 245 3752 stione:
267 3711 340 3751 narn
353 3698 387 3749 nt
398 3687 512 3771 ferula
527 3687 640 3753 caedes
653 3689 795 3752 meritum
814 3689 936 3752 maiora
949 3687 1052 3750 srcbire
1073 3687 1223 3753 naharai

86 3784 89 3790 ’
129 3797 185 3853 aut
205 3787 306 3854 verbo
328 3809 434 3852 vereor
454 3808 519 3851 non
539 3810 615 3851 usus
639 3795 695 3851 est.
740 3786 812 3867 Quo
834 3796 942 3851 tamen
969 3808 1046 3850 usus
1073 3787 1129 3871 sit,
1155 3801 1223 3852 non

128 3888 232 3954 ausim
254 3887 403 3972 equidem
431 3886 602 3951 affirmare.
645 3887 796 3951 Fortasse
826 3876 928 3950 dedit:
957 3911 1030 3950 nane
1055 3900 1090 3950 nt
1108 3887 1223 3974 fende

129 3987 243 4054 caedas
256 3989 398 4053 meritant
411 3989 533 4053 maiora
545 3986 649 4051 subere
663 3986 798 4068 cerbere,
820 4009 883 4050 nen
899 4002 1029 4050 tentetur.
1066 3983 1222 4052 Similiter

130 4088 176 4154 ait
196 4087 264 4152 Sat.
285 4087 312 4171 Ι,
333 4087 364 4171 4,
388 4087 437 4151 12.
465 4110 512 4174 sq.
537 4086 685 4174 potnias
712 4098 801 4172 atque
828 4085 922 4173 piper
948 4085 1111 4152 scribendi
1126 4087 1223 4175 ferre

129 4188 272 4270 blesen,
292 4187 452 4255 scribendi
469 4199 568 4252 recte:
587 4209 660 4252 nen
679 4197 714 4250 nt
734 4186 869 4269 ntalem,
891 4185 940 4252 nil
957 4208 1072 4251 necron

1229 4291 1236 4321 f
