2678 4642
379 255 413 301 IN
433 252 623 301 sarmarum
644 254 771 300 LIBRUM
792 253 925 300 PRIMUM
1156 239 1195 302 15

106 419 169 484 Ov.
191 419 302 485 Amor.
318 420 344 503 Ι,
359 420 389 503 9,
404 420 434 484 3.
450 440 497 504 sq.
538 417 622 496 Quae
644 418 718 482 bello
740 431 785 482 est
806 419 928 499 sabata,
954 419 1061 483 veneri
1077 443 1195 505 qaoque

106 511 244 583 convenit
265 533 370 584 oetas:
391 533 479 605 torpe
500 541 594 582 aenea
614 518 709 598 mike,
731 530 820 603 turpe
841 518 949 582 sem'b’s
970 541 1066 582 amor.
1095 519 1193 584 Prae·

104 627 196 682 terea
216 627 288 704 post
306 620 416 707 procis
436 621 528 683 onais
553 616 630 703 quid
651 616 713 680 sibi
733 615 811 681 velit
831 616 1081 682 additamentum
1101 620 1194 684 multo

104 719 170 781 iam
191 719 324 804 fractos
354 719 490 783 membro
520 716 646 782 labore?
687 716 741 779 An
770 716 918 781 membra
947 715 1054 781 militis
1082 720 1195 783 annosi

105 815 204 881 multo
226 817 330 882 fracta
349 817 461 883 labore
482 838 542 903 pro
563 838 599 880 re
621 815 761 901 quadam
776 815 1032 883 extraordinaria
1047 817 1196 884 ducenda

105 917 177 999 sint,
198 918 326 999 utiam,
349 938 412 1002 quo
433 917 586 981 maturior
606 915 766 979 indicatur
792 915 947 999 fractura,
975 926 1062 982 recte
1088 917 1195 983 locum

105 1015 227 1081 habere
249 1016 372 1102 possit?
415 1015 498 1081 Tum
524 1015 615 1079 militi
641 1015 706 1078 iam
734 1036 855 1079 annoso
883 1036 1084 1102 nequaquam
1108 1017 1200 1082 licuit,

106 1139 139 1180 v.
155 1116 206 1180 30.
222 1137 270 1202 sq.
292 1115 444 1202 profiteri,
466 1138 537 1180 sese
560 1116 644 1180 ferre
665 1113 808 1178 laborem
830 1113 892 1178 hac
912 1124 1028 1200 mento,
1049 1125 1196 1181 utronea

105 1217 140 1279 11
162 1217 226 1280 otia
246 1225 313 1279 tuta
334 1215 480 1298 recedat,
508 1214 593 1278 unde
615 1213 826 1278 clarissimum
846 1214 880 1276 in
900 1214 1030 1280 modum
1050 1218 1195 1303 patescit,

106 1315 248 1380 iuniores
270 1314 373 1379 solum
392 1313 537 1379 homines
559 1322 644 1378 sorte
667 1336 726 1378 sua
746 1335 811 1377 non
833 1324 996 1379 contentos
1023 1315 1076 1380 hie
1103 1318 1194 1381 casti-

106 1424 201 1500 gatos
224 1437 306 1479 esse.
349 1413 478 1478 Deinde
499 1414 675 1501 permirum
698 1412 794 1477 debet
814 1412 934 1497 videri,
964 1416 1050 1499 quod
1075 1424 1196 1480 tantum

59 1581 65 1590 ,
106 1513 198 1578 miles
220 1536 359 1579 annosus
375 1513 588 1578 conditionem
602 1535 693 1576 suam
709 1522 899 1598 conquestus
920 1516 969 1598 sit,
991 1537 1088 1600 quum
1101 1515 1195 1601 plane

106 1616 179 1701 pari
200 1616 323 1680 ratione
345 1613 479 1699 quilibet
500 1634 627 1699 quoque
650 1611 730 1676 alius
745 1614 910 1698 operarius
926 1637 1063 1679 annosus
1079 1623 1197 1679 sortem

108 1736 200 1777 suam
221 1735 375 1778 accusare
401 1722 519 1799 posset.
563 1712 606 1775 At
631 1734 711 1775 vero
737 1721 885 1776 senectus
912 1715 1066 1799 cuiusque
1095 1713 1196 1778 homi-

107 1835 185 1876 uum
208 1812 330 1877 ordinis
351 1835 371 1877 a
393 1813 577 1898 quaestione
598 1811 776 1875 Horatiana
800 1834 930 1898 prorsus
957 1812 1091 1897 abludit,
1121 1815 1198 1899 quia

107 1911 261 1998 querelae
284 1935 304 1976 a
325 1921 487 1976 senectute
509 1912 662 1998 repetitae
684 1932 749 1974 non
770 1912 804 1974 in
830 1911 972 1998 singulos
992 1921 1113 1976 tantum
1140 1913 1195 1977 ho-

107 2013 229 2076 minum
262 2011 409 2094 ordines,
441 2011 498 2075 sed
530 2013 565 2075 in
597 2018 728 2074 cunctos
760 2010 878 2074 cadunt
902 2011 1061 2077 mortales.
1105 2011 1198 2094 Quae

109 2133 208 2197 quum
229 2112 274 2175 ita
295 2111 365 2193 sint,
395 2111 578 2175 coniectura
597 2109 762 2175 Bouhierii
784 2109 861 2174 nihil
882 2103 1024 2197 reperias
1045 2112 1196 2198 probabi·

108 2211 180 2295 lius,
202 2233 263 2276 nec
285 2209 437 2275 audiendi
457 2210 620 2293 videntur,
643 2212 698 2296 qui
718 2208 806 2274 illam
827 2211 967 2275 refutare
990 2212 1095 2276 conati
1116 2220 1197 2276 sunt.

107 2330 140 2380 V.
158 2333 181 2381 7.
199 2345 238 2394 sq.
287 2327 382 2376 Militia
399 2332 438 2376 cst
454 2327 548 2392 potior.
583 2327 664 2388 Quid
680 2327 775 2376 enim?
809 2327 985 2391 Concurritur,
1002 2327 1083 2378 horae

289 2410 421 2460 Memento
439 2410 492 2459 cita
507 2426 576 2460 mors
592 2410 664 2459 venit
681 2414 727 2459 aut
742 2409 853 2459 victoria
869 2409 947 2460 laeta.

191 2510 323 2596 Aliquot
349 2510 556 2575 membranae
584 2509 662 2594 quid
686 2509 742 2573 oi?
774 2509 924 2592 offerunt,
956 2509 1042 2596 quod
1066 2509 1198 2596 vulgato

108 2610 187 2698 quid
211 2611 312 2675 emin?
336 2610 466 2673 minime
491 2618 642 2696 praestat.
684 2609 781 2675 Valet
806 2608 927 2674 scilicet
951 2610 1029 2694 quid
1047 2610 1103 2674 ai?
1123 2611 1144 2674 i.
1167 2633 1199 2696 q.

109 2711 189 2798 quid
214 2711 350 2774 estetsi
374 2710 452 2774 hoc?
480 2719 512 2774 et
538 2709 616 2794 quid
642 2708 743 2773 eozbt?
770 2709 792 2773 i.
815 2732 845 2795 q.
875 2708 1053 2793 quidecim
1073 2712 1204 2775 1111111

109 2811 188 2876 doc?
229 2808 375 2873 Alterum
407 2809 505 2894 liquet
538 2808 639 2873 altero
665 2831 737 2873 esse
766 2807 951 2873 concitatius
984 2809 1121 2895 ideoque
1147 2809 1200 2874 hic

110 2909 361 2974 convenientius,
394 2909 501 2994 Magis
515 2930 595 2973 vero
617 2921 672 2972 111
691 2907 937 2995 improbandum
957 2906 1092 2991 videtur,
1114 2909 1200 2995 quod

109 3010 143 3074 in
164 3032 196 3073 v.
213 3009 243 3072 8.
266 3017 413 3095 quattuor
435 3007 517 3073 Odd.
538 3007 689 3072 Lambini
709 3016 781 3094 post
801 3019 949 3071 momento
970 3007 1122 3072 insertum
1142 3003 1198 3074 111-

110 3107 257 3191 buerunt,
278 3107 353 3172 licet
365 3107 528 3172 Bentleius
551 3107 670 3193 duplex
691 3120 746 3171 out
767 3105 943 3192 elegantius
966 3114 997 3170 et
1015 3107 1119 3194 magis
1132 3108 1199 3172 Ho-

109 3209 267 3272 ratianum
289 3217 385 3293 atque
407 3207 544 3294 simplex
564 3206 646 3271 adeo
662 3206 839 3270 ominosum
859 3204 953 3292 plane
975 3214 1007 3270 et
1026 3208 1201 3273 infaustum

110 3306 282 3373 arbitratus
305 3309 354 3371 sit.
396 3306 426 3371 E
450 3307 607 3371 contrario
630 3306 714 3369 enim
734 3304 822 3369 idem
843 3314 955 3370 auctor
979 3306 1117 3394 simplex
1136 3311 1201 3373 1111

110 3407 193 3471 mori
217 3428 348 3494 prorsus
369 3406 547 3472 Horatiano
575 3406 685 3471 tribuit
711 3406 753 3470 ad
779 3404 846 3470 Sat.
868 3405 895 3488 I,
919 3405 968 3489 10,
991 3406 1040 3471 78.
1087 3408 1200 3495 Neque

86 3583 88 3587 ¹
110 3514 206 3593 patet,
228 3528 290 3592 quo
304 3516 399 3593 pacto
420 3506 558 3593 simplex
578 3515 645 3570 aut
665 3506 841 3578 ominosum
861 3504 956 3592 plane
979 3515 1010 3570 et
1030 3507 1201 3573 infaustum

111 3604 255 3671 iudicare
276 3606 429 3692 potuerit,
452 3607 507 3692 qui
528 3604 647 3692 duplex
667 3619 722 3670 out
742 3605 837 3670 modo
858 3606 961 3690 magis
982 3605 1201 3692 Horatianum‚

111 3706 250 3793 simplex
277 3727 356 3792 ergo
388 3705 501 3770 saltem
527 3706 741 3770 Horatianum
773 3704 934 3770 censebat.
982 3705 1051 3770 Imo
1084 3708 1202 3794 duplex

111 3819 168 3872 aot
197 3805 251 3870 hic
277 3828 319 3870 ne
347 3806 470 3870 admitti
502 3805 630 3891 quidem
662 3814 780 3892 potest,
812 3804 898 3891 quod
927 3806 1110 3891 neutiquam
1138 3810 1203 3872 cita

111 3928 198 3972 mors
221 3916 252 3970 et
272 3906 408 3969 victoria
427 3905 513 3970 laeta
534 3906 596 3970 sibi
617 3915 826 3992 opponuntnr,
852 3905 896 3968 ita
918 3913 950 3967 ut
969 3904 1025 3968 illa
1046 3929 1202 3972 summum

111 4006 245 4088 malum,
276 4004 359 4070 haec
385 4028 542 4069 summum
567 4005 685 4070 bonum
712 4005 910 4085 aestimetur,
943 4004 1001 4069 sed
1027 4006 1090 4070 cita
1117 4029 1202 4071 mors

112 4116 146 4172 et
165 4107 269 4192 magis
292 4106 387 4169 etiam
409 4105 543 4169 victoria
564 4104 650 4169 laeta
669 4104 884 4191 praedicatur.
926 4103 1050 4191 Nempe
1079 4119 1133 4170 out
1158 4109 1203 4172 oi·

112 4187 215 4272 clota‘a
234 4207 317 4272 laeto
337 4204 562 4269 adscendentis
585 4214 633 4269 est
653 4205 832 4287 adrestine,
854 4203 952 4268 veluti
973 4203 1079 4270 Carm.
1101 4205 1129 4290 Ι,
1152 4208 1201 4273 12.
