2678 4642
124 192 165 258 28
549 205 783 257 coxmcrassn

122 383 190 440 tum
211 373 318 439 Sullae
340 395 494 460 generum
508 371 622 436 referri
637 371 764 438 debent.
796 371 907 438 Malim
921 373 1029 459 itaque
1044 371 1218 438 lectionem

123 474 289 560 vulgatam
310 494 440 538 servare
463 481 494 536 et
515 473 561 536 sic
582 472 793 559 interpretari,
815 480 849 536 ut
868 474 903 537 ia
915 473 1038 537 Fausta
1055 473 1220 558 significet

93 643 95 647 ,
124 574 190 659 aas
213 573 268 638 der
294 572 417 637 Fausta
444 571 512 636 sive
539 571 692 637 Faustam
718 585 866 659 stapraas
894 581 925 636 et
953 594 1089 658 sequens
1111 571 1219 638 satae

123 696 225 761 ρεπεν,
249 695 291 737 ex
311 672 411 759 ipsius
422 670 514 736 Villii
536 671 716 757 opinatione
737 670 866 754 dictum,
886 670 993 736 valeat
1006 672 1100 757 quasi
1110 670 1218 736 Sullae

120 796 224 860 penes.
267 770 333 837 cfr.
356 795 387 836 v.
412 770 481 834 125.
504 791 550 855 sq.
592 769 681 834 Haec
706 771 763 835 ati
784 772 948 856 supposuit
969 770 1078 835 deatro
1101 793 1218 856 corpus

30 921 32 925 ,
123 872 203 937 rothi
232 871 366 953 Ζειεειινε,
396 868 462 933 Ilia
482 881 511 933 et
530 869 650 956 qum'a
671 882 724 934 cst.
769 868 836 933 Sat.
858 868 892 952 I,
913 870 951 953 3,
979 869 1048 934 137.
1070 892 1117 956 sq.
1141 869 1218 935 dam

20 1023 23 1028 .
123 984 157 1035 ta
184 970 357 1056 quadrante
383 969 519 1033 lavatam
538 992 597 1032 νεεε
617 969 688 1033 ita.
731 968 838 1056 Epod.
861 967 969 1051 XVII,
990 969 1042 1033 58.
1065 991 1112 1054 sq.
1154 968 1216 1032 Ea·

7 1127 10 1131 .
123 1070 239 1154 qor‘ls'rai
256 1069 408 1155 Ῑνονειιβεω
434 1067 561 1154 venatici
584 1067 708 1154 impune
735 1080 770 1132 at
795 1069 902 1132 arbem
928 1069 1049 1132 νοννείνιε
1076 1063 1218 1154 sinplcn's

21 1207 24 1212 -
122 1168 211 1233 mco?
258 1166 354 1248 Quod
380 1165 423 1230 ad
448 1164 586 1251 simplex
611 1169 645 1230 ia
670 1167 792 1232 Fausta
818 1167 969 1254 pertinet,
995 1174 1123 1254 praeter
1149 1165 1218 1231 alia

124 1267 280 1357 contende
303 1289 335 1330 v.
351 1265 402 1330 80.
417 1266 489 1330 haic
509 1267 590 1330 inter
610 1267 715 1336 ιείυεοε
734 1267 911 1353 oa'ra'dcsqae
925 1267 1057 1353 lapillos.
1090 1265 1158 1353 Sat.
1170 1265 1216 1350 II,

124 1368 153 1449 l,
174 1367 225 1431 59.
248 1366 342 1448 deitas,
364 1366 464 1452 inops,
484 1365 622 1447 Romae,
634 1389 688 1429 εειι
700 1366 780 1451 βενε
799 1367 846 1431 ita
866 1366 986 1448 luserat,
1008 1365 1104 1431 ενειεῐ.

128 1511 131 1515 A
206 1464 287 1529 Sunt
311 1473 433 1548 autem,
463 1465 517 1550 qui
542 1462 728 1528 calamitatis
750 1487 771 1529 a
791 1463 888 1529 Villio
909 1474 1062 1551 acceptae
1082 1465 1214 1550 Longa-

121 1586 235 1629 renum
256 1563 415 1628 affirment
440 1571 602 1627 auctorem
621 1563 729 1628 fuisse.
771 1563 841 1628 Imo
862 1564 960 1630 Villio
983 1563 1113 1629 excluso
1134 1572 1214 1628 tam-

122 1685 219 1750 quam
238 1661 302 1726 fide
325 1662 463 1748 quadam
485 1661 637 1727 historica
656 1673 786 1728 narrant
798 1664 1027 1750 Longarenum
1045 1685 1105 1751 per
1118 1686 1212 1749 gras-

122 1772 243 1827 satores
264 1770 436 1826 nocturnas
457 1762 589 1827 insidias
609 1761 793 1828 tetendisse.
828 1763 873 1826 At
894 1764 955 1846 eui,
978 1763 1122 1846 obsecro,
1143 1761 1214 1829 Vil-

121 1861 182 1927 lius
196 1886 319 1948 poeaas
341 1861 418 1926 dare
438 1864 576 1949 potuerit
595 1863 658 1925 nisi
679 1863 809 1949 coniugi
829 1862 969 1937 Faustae
989 1861 1127 1927 Miloni?
1161 1863 1215 1927 Ac

120 1984 163 2026 nc
188 1961 263 2026 huic
289 1960 418 2048 quidem
444 1983 565 2047 poenas
594 1961 672 2026 dare
699 1962 801 2050 potuit
824 1961 888 2026 nisi
907 1963 941 2026 in
961 1961 1117 2027 adulterio
1139 1985 1214 2027 cum

120 2061 241 2126 Fausta
266 2058 498 2146 deprehensus,
525 2061 611 2147 quod
634 2082 694 2147 per
719 2083 755 2126 se
783 2062 849 2125 iam
869 2062 945 2127 satis
968 2061 1142 2127 dilucidum
1164 2061 1212 2126 di-

119 2169 205 2243 serte
232 2168 386 2241 testantur
405 2159 535 2224 Marcus
556 2160 661 2225 Varro
684 2159 769 2247 apud
791 2160 874 2226 Gell.
895 2160 936 2226 N.
959 2160 1000 2227 A.
1023 2160 1138 2244 XVII,
1152 2161 1211 2226 18.

47 2263 50 2268 ’
123 2269 155 2324 et
181 2258 339 2325 Asconius
367 2259 526 2324 Pedianus
558 2259 645 2346 apud
672 2260 860 2325 scholiastes
886 2260 931 2348 ad
956 2283 988 2325 v.
1016 2261 1067 2325 41.
1095 2259 1211 2325 Futilis

121 2359 219 2446 igitur
238 2359 299 2422 ista
319 2367 366 2422 est
379 2357 489 2424 fabula
503 2357 544 2422 de
557 2359 750 2446 Longareno
771 2360 957 2425 insidiatore
971 2360 1126 2446 fluxitque
1142 2368 1210 2424 tan·

9 2522 15 2533 ‚
121 2468 187 2524 tum
209 2480 251 2522 ex
271 2456 379 2522 verbis
401 2459 543 2522 exclusos
558 2460 637 2545 βενε
643 2507 653 2542 ,
676 2483 770 2544 qoam
789 2459 994 2547 Longarenus
1004 2462 1097 2547 βονει
1117 2461 1211 2542 intas,

122 2579 203 2645 quae
232 2558 304 2644 ipsa
330 2565 403 2621 sunt
427 2557 635 2644 perabsurda.
675 2558 760 2623 Nam
786 2581 884 2646 quum
908 2559 1023 2625 Villius
1050 2558 1211 2624 aMilone

120 2657 238 2745 pugnis
267 2655 454 2721 caederetur
479 2657 628 2743 ferroque
655 2667 830 2746 peteretur,
857 2659 1011 2724 Faustam
1038 2659 1133 2724 modo
1155 2659 1209 2724 de-

120 2756 311 2844 prehensam
331 2779 439 2821 rursus
461 2757 559 2822 altero
582 2780 654 2822 cum
675 2757 816 2823 adultero
837 2782 906 2823 rem
927 2758 1077 2824 habuisse
1100 2758 1211 2823 credat

54 2906 58 2915 .
121 2857 263 2923 Iudaeus
290 2855 423 2941 Apella,
451 2865 483 2920 et
508 2878 570 2944 quo
596 2857 840 2923 tandemmodo
861 2857 976 2924 Villius
999 2859 1033 2922 in
1054 2857 1210 2923 adulterio

122 2980 194 3023 cum
207 2958 329 3023 Fausta
350 2955 566 3043 deprehensus
588 2959 730 3023 caelasse
742 2960 823 3045 βονε
842 2958 911 3022 sive
931 2981 993 3022 aaa
1013 2960 1211 3023 ι’νιινονειέεειε

122 3058 187 3122 dici
212 3056 372 3144 potuerit?
413 3055 482 3120 Has
510 3055 653 3142 aliasque
681 3057 722 3122 ob
748 3059 882 3144 ineptias
909 3058 962 3122 fac
986 3079 1113 3122 mecum
1136 3080 1208 3122 ver-

121 3156 256 3222 siculum
278 3157 327 3221 67.
351 3177 530 3243 expungas,
550 3178 646 3243 quem
667 3179 688 3222 a
708 3155 821 3222 stolido
841 3156 981 3242 quodam
1001 3157 1209 3242 grammatico

122 3256 297 3322 secundum
317 3255 463 3320 Macroh.
487 3253 553 3320 Sat.
575 3256 620 3340 H,
640 3256 671 3320 ⁶2.
693 3257 903 3342 compositum
924 3256 1070 3320 arbitror.

121 3391 153 3443 V.
170 3392 211 3443 80.
229 3405 285 3456 sqq.
317 3388 374 3438 Nec
389 3387 473 3453 magis
489 3387 551 3438 hnic
566 3389 633 3439 inter
648 3390 739 3440 niveos
755 3389 903 3454 viridesque
918 3388 1031 3453 lapillos,

318 3471 357 3521 sit
373 3470 434 3520 licet
450 3470 518 3534 hoc,
539 3471 668 3535 Cerintho,
684 3477 782 3536 tuum,
799 3477 916 3522 tenerum
933 3475 972 3521 est
988 3471 1072 3522 femur
1088 3475 1135 3522 aut
1151 3487 1210 3523 crus

317 3554 424 3604 Rectim
441 3557 520 3619 atque
537 3554 614 3604 etiam
630 3554 722 3605 melius
738 3571 864 3620 persaepe
879 3558 986 3621 togatae
1003 3559 1051 3605 est.

204 3652 336 3717 Praeter
357 3654 422 3735 hoc,
438 3652 587 3736 Ocrahthe,
610 3667 695 3718 tcum
708 3652 791 3719 cdd.
808 3654 902 3741 etiarn
917 3677 936 3718 o
953 3653 1104 3736 Oershthc,
1125 3667 1211 3719 taam

122 3751 175 3818 vel
195 3753 260 3835 hoc,
287 3751 436 3836 Oershthc,
459 3766 510 3818 tao
531 3752 660 3818 habent.
696 3753 804 3834 Quum
825 3753 1015 3818 exclamatio
1036 3753 1090 3817 vel
1106 3755 1210 3840 suspi-

121 3852 205 3917 rium
232 3851 391 3939 quoddam
421 3852 463 3918 ab
484 3851 636 3918 hocloco
658 3851 844 3937 abhorreat,
871 3876 889 3917 o
914 3852 1055 3918 Cariatha
1076 3851 1119 3917 ab
1140 3853 1209 3917 Ho-
1231 3847 1234 3851 ’

120 3954 200 4018 ratio
228 3952 314 4018 haud
339 3953 437 4019 dubie
463 3974 528 4018 non
552 3952 730 4040 profectum
755 3960 812 4017 est.
854 3951 992 4016 Perinde
1014 3974 1092 4017 vero
1113 3951 1208 4017 nobis

122 4052 269 4140 displicet
288 4077 343 4118 aec
363 4054 465 4141 magis
484 4054 572 4135 haic,
599 4053 682 4118 ahter
701 4053 806 4116 νιίινεεε
826 4051 1003 4137 viridesque
1022 4051 1146 4138 lapillos
1167 4053 1210 4116 sit

121 4152 206 4236 licet,
233 4152 306 4237 hoc,
335 4151 491 4236 ΟενινιιΙιε,
512 4164 565 4218 tao
587 4161 658 4236 etc,
681 4145 798 4216 etenim
818 4159 853 4217 ut
874 4150 1001 4216 Horatii
1022 4150 1209 4217 Cerinthmn
