2678 4642
314 327 319 334 Ι
397 250 432 298 ns
454 234 649 299 ssrmmun'
663 251 791 301 mentm
811 252 944 301 rnmun
1158 234 1217 301 *53

129 426 181 480 tau
199 413 371 500 pervideas
397 416 494 480 ocule
520 417 600 481 male
621 417 724 502 lqrpus
743 418 893 500 ebuneteb,
917 442 973 482 eur
993 418 1027 482 in
1047 418 1217 483 amicorum

128 515 213 579 ar'tie's
232 527 297 579 tam
318 516 419 579 eerm's
439 515 585 579 ueniam?
615 515 722 602 Epod.
738 515 830 581 VIII.
845 517 947 603 princ.
979 517 1105 604 Rapere
1126 518 1216 603 lonpo

120 613 269 699 putidum
293 627 322 678 te
346 614 590 701 saeca10,uires
616 614 694 701 quid
717 628 836 680 enervet
861 639 958 698 meas,
984 640 1076 702 pua-ra
1097 617 1138 680 sit
1158 616 1220 681 tibi

128 712 202 778 dens
223 726 291 777 ater
312 725 340 777 et
360 714 449 800 rupis
469 726 555 777 oetas
567 715 710 799 frontem
731 727 867 779 senectus
881 728 996 796 enaret,
1019 716 1138 800 hietque
1152 728 1216 780 tar·

120 813 176 899 pis
195 813 278 877 sister
299 811 409 877 aridus
429 825 518 877 nates
533 812 643 898 podere
662 814 743 878 velet
764 813 879 878 nudae
903 813 1008 878 bovz's?
1124 864 1128 873 .

127 926 156 980 V.
173 929 216 980 00.
233 942 273 996 sq.
711 936 741 976 Ar
760 929 800 979 illi
815 930 893 980 foeda
910 929 1016 980 cicatrix

357 1009 476 1061 Setosam
493 1010 577 1061 laevi
592 1005 703 1063 frontem
718 1016 869 1077 turpaverat
886 1013 958 1064 oris.

196 1108 253 1173 'At
271 1130 333 1173 nec
355 1130 397 1173 ex
417 1109 600 1195 supplendis
621 1111 730 1176 verbis
750 1111 945 1197 lieetfronti
956 1135 1050 1177 cornu
1064 1121 1217 1175 exsectum

128 1220 203 1273 esset
222 1207 358 1294 pendet,
384 1230 489 1294 neque
515 1210 578 1274 alia
600 1209 739 1295 quadam
760 1210 884 1274 ratione
907 1209 1001 1275 altius
1023 1209 1158 1295 repetita
1178 1208 1214 1274 il·

126 1305 253 1371 lustmri
278 1315 392 1394 potest.
421 1307 517 1372 Tota
541 1310 646 1395 potius
674 1309 833 1373 sententia
854 1309 980 1373 videtur
999 1309 1092 1374 nobis
1115 1307 1214 1394 expli-

128 1406 286 1471 cationem
307 1408 477 1491 continere,
500 1408 593 1471 sicuti
612 1408 718 1495 Epod.
740 1408 832 1491 VIII,
855 1408 883 1471 7.
905 1407 1007 1491 (Pers.
1022 1409 1049 1492 I,
1066 1407 1129 1489 12.)
1152 1406 1218 1473 Sed

126 1505 234 1570 tinniat
254 1528 301 1570 me
314 1519 426 1592 peetus
446 1519 475 1571 et
494 1531 643 1572 masmae
659 1519 778 1594 perires.
821 1507 925 1592 Epist.
953 1508 987 1592 I,
1010 1506 1065 1591 15,
1089 1507 1137 1571 13.
1159 1505 1216 1571 sed

128 1606 212 1691 epum
229 1606 362 1690 frenato
390 1619 435 1670 est
462 1608 551 1671 euris
576 1609 611 1671 in
640 1631 701 1672 ore.
743 1606 858 1670 Parem
879 1607 913 1670 in
934 1606 1063 1671 modum
1086 1607 1214 1670 coniun-

129 1704 264 1768 ctionem
295 1717 396 1770 autem
427 1705 530 1770 nullus
555 1714 665 1770 auctor
691 1726 756 1769 non
783 1707 956 1791 usurpavit.
1002 1705 1109 1770 Minus
1136 1726 1214 1770 vero

129 1802 280 1869 credibile
303 1812 364 1887 est,
386 1813 516 1890 poetam
535 1805 619 1870 dreni
637 1807 702 1869 oris
722 1805 906 1890 scripsisse,
928 1805 1004 1890 quia
1015 1806 1116 1890 frons
1135 1805 1219 1869 dreni

129 1904 191 1968 onir
218 1925 277 1989 pro
306 1902 444 1990 simplici
461 1905 560 1989 frons
584 1904 672 1968 laeva
691 1903 873 1991 impeditius
896 1912 943 1968 est
964 1903 1092 1968 dicendi
1112 1924 1214 1989 genus

129 2011 220 2088 atque
253 2003 384 2089 insuper
414 2015 515 2067 setosa
538 2005 637 2090 frons
668 2004 750 2068 beni
775 2005 841 2068 oris
865 2025 924 2068 nos
951 2002 991 2066 de
1017 2024 1082 2066 non
1107 2011 1216 2067 setosa

129 2102 230 2167 fronte
266 2102 370 2166 dextri
402 2103 465 2166 oris
497 2103 638 2187 cogitare
672 2103 755 2166 sinit.
804 2102 893 2168 Bene
921 2102 1018 2188 igitur
1042 2099 1214 2166 Horkelius

130 2200 210 2266 anal.
232 2201 312 2266 Hor.
327 2224 360 2289 p.
375 2201 425 2264 27.
442 2220 489 2286 sq.
513 2203 578 2266 oris
599 2224 672 2266 cum
694 2202 773 2284 orbe,
787 2223 892 2287 ¹quem
914 2224 1013 2267 cornu
1035 2202 1214 2284 obtinuerit,

128 2300 311 2366 mutandum
337 2301 517 2387 praecepit,
552 2302 696 2386 quamvis
725 2324 782 2366 ora
809 2300 844 2385 (i.
873 2323 901 2366 e.
929 2301 1079 2390 marpissa)
1108 2299 1214 2389 paullo

129 2400 223 2465 etiam
243 2398 440 2486 probabilius
461 2397 566 2464 videri
587 2408 692 2488 queat.

128 2565 156 2618 V.
174 2569 213 2619 71.
232 2581 270 2632 sq.
511 2619 517 2631 ,
785 2567 833 2616 ubi
849 2566 954 2617 sedulus
971 2565 1066 2633 hospes

273 2648 361 2698 Paene
377 2663 497 2717 macros
514 2649 594 2698 arsit
611 2647 672 2698 dum
688 2647 778 2699 turdos
794 2655 882 2700 verset
897 2651 926 2699 in
941 2650 997 2717 igni
1013 2678 1047 2687 -

206 2779 395 2844 Paucissimi
433 2779 515 2845 edd.
554 2780 646 2861 arsr't,
688 2805 819 2846 moeros.
873 2779 1025 2867 Speciosc
1062 2779 1214 2846 Orellius:

129 2878 327 2962 „Verborum
348 2877 468 2943 ordinis
488 2878 684 2964 perturbatio
707 2879 865 2965 quaedem
886 2880 990 2966 ipsam
1011 2903 1080 2944 rem
1096 2879 1213 2968 imitari

128 2976 283 3042 videtur.“
325 2977 447 3043 Verum
467 2978 553 3042 idem
574 2977 614 3041 de
636 2979 787 3044 omnibus*
802 2978 986 3064 hyperbatis
1007 2979 1110 3066 possis
1130 2977 1211 3043 iudi-

129 3098 216 3160 care,
243 3069 319 3141 li‘cet
339 3077 467 3141 minime
489 3078 523 3141 in
544 3077 651 3141 omnia
672 3077 776 3143 cadat.
823 3078 889 3143 Ofr.
912 3075 979 3142 Sat.
1001 3077 1034 3161 I,
1055 3078 1091 3160 3,
1112 3077 1142 3142 9.
1163 3099 1212 3163 sq.

127 3175 157 3259 Ι,
179 3177 212 3259 6,
234 3175 285 3240 86.
308 3197 354 3261 sq.
385 3175 484 3260 H,3‚
507 3176 577 3240 133.
613 3177 685 3241 211.
716 3176 765 3261 H,
786 3177 817 3261 4,
839 3176 889 3240 58.
912 3199 959 3263 sq.
992 3176 1036 3261 H,
1058 3177 1088 3260 5,
1109 3176 1139 3241 9.
1162 3198 1210 3262 sq.

127 3275 176 3339 59.
199 3276 269 3339 103.
290 3275 334 3358 Π,
357 3275 384 3359 7,
408 3276 456 3340 70.
480 3297 527 3361 sq.
551 3273 657 3340 Oarm.
680 3276 706 3359 Ι,
727 3277 777 3356 22,
801 3276 849 3340 17.
873 3297 920 3361 sq.
942 3276 1002 3360 III,
1017 3276 1075 3360 m,
1096 3277 1149 3340 21.
1165 3295 1213 3361 sq.

127 3371 188 3457 IV,
217 3375 247 3458 2,
269 3375 320 3438 34.
343 3395 411 3459 sqq.
433 3374 491 3457 IV,
514 3374 542 3457 6,
563 3373 615 3438 41.
638 3396 707 3460 sqq.
749 3374 854 3462 Epod.
877 3376 918 3459 V,
940 3375 990 3440 27.
1012 3397 1060 3461 sq.
1082 3374 1159 3458 XII,
1182 3374 1211 3439 Ι.

128 3494 196 3558 sqq.
218 3473 321 3560 Epist.
342 3472 369 3556 Ι,
390 3474 420 3556 2,
442 3474 492 3538 65.
514 3495 584 3559 sqq.
616 3474 642 3557 Ι,
666 3475 713 3558 10,
735 3474 797 3558 37,
818 3475 1018 3555 ubiviolens,
1039 3475 1068 3538 si
1089 3483 1137 3539 est
1156 3496 1212 3560 ge·
1332 3505 1335 3512 ¹

127 3573 267 3655 nuinum,
290 3572 333 3638 ad
353 3572 470 3658 depulit
489 3573 627 3658 pertinet
646 3595 709 3636 nec
728 3573 771 3639 ad
792 3573 943 3639 dr'scessit.
978 3573 1075 3639 Plura
1093 3574 1213 3643 videsis

128 3671 169 3736 ad
190 3672 257 3737 Sat.
279 3672 306 3756 Ι,
330 3671 357 3754 1,
380 3671 429 3736 15.
451 3671 495 3755 Π,
516 3671 547 3756 5,
569 3672 619 3736 59.
642 3679 674 3736 et
693 3671 737 3756 H,
759 3671 789 3756 8,
811 3672 861 3738 94.

126 3853 157 3907 V.
173 3857 215 3908 86.
232 3871 289 3921 sqq.
323 3855 453 3915 Quattuor
468 3853 529 3903 hinc
543 3854 659 3919 rapimur
674 3854 768 3920 viginti
784 3860 810 3905 et
825 3854 897 3906 milia
912 3854 1006 3918 rhedis,

322 3936 440 3985 Mansuri
457 3935 620 4000 oppidulo,
637 3936 708 4002 quod
724 3953 802 3987 versu
819 3938 903 3987 dicere
919 3953 973 3987 non
990 3941 1037 4000 est,

323 4018 409 4084 Signis
426 4017 550 4083 perfacile
566 4022 612 4070 est.
645 4019 724 4070 Venit
738 4020 864 4070 vilissima
880 4035 964 4070 rerum

322 4102 374 4152 Hic
391 4117 467 4167 aqua,
485 4100 531 4150 sed
547 4101 623 4165 panis
639 4101 717 4169 longe
733 4102 927 4168 pulcherrimus,
944 4102 1012 4153 ultra
1105 4152 1108 4159 ,

323 4184 441 4235 Callidus
457 4189 487 4234 ut
502 4183 586 4234 soleat
601 4184 713 4236 humeris
730 4190 833 4250 portare
848 4186 942 4237 vietor:
