2678 4642
289 265 296 271 ·
367 252 403 300 nu
425 251 615 302 snrrnrauu
636 253 765 302 amnuit
786 253 972 304 suounoum
1160 240 1218 321 131

120 415 214 482 mode
236 416 404 502 garrulitas
430 417 667 484 discriminatur
686 419 863 485 voluntaria
885 429 916 485 et
936 443 1001 486 non
1022 420 1216 507 voluntaria,

122 539 204 603 quae
231 517 390 581 distinctio
418 516 471 583 hie
494 517 689 584 alienissima
710 519 847 584 videtur.
892 521 1012 585 Contra
1034 522 1213 607 coniugatis

120 617 228 681 verbis
256 618 340 698 altro,
362 641 424 682 aaa
451 619 543 682 ettam
570 620 676 701 adeas,
703 620 776 684 aber
797 621 929 708 schweip
951 622 1030 685 auele
1050 622 1136 685 aiclet
1157 646 1216 687 eoa

122 717 228 798 selbst,
266 725 300 779 ut
331 716 487 781 transtulit
516 717 736 802 Heindorfius,
774 720 921 805 garrulus
960 721 1080 802 evadit,
1120 743 1228 806 quem

121 816 231 881 nescio
253 838 295 879 an
315 815 418 880 nullus
443 826 581 904 superet.
615 818 821 883 sanissimam
837 841 915 884 vero
932 821 1110 884 orationem
1125 844 1217 885 reeu-

124 938 283 1007 peramus,
306 917 334 980 si
348 915 414 980 levi
431 926 587 981 commate
601 928 673 1003 post
687 943 748 982 aaa
762 919 880 982 inserto
894 943 955 984 aaa
969 920 1123 984 vertimus
1137 922 1218 1002 aera,

124 1017 216 1083 etiam
233 1017 307 1102 ja,
323 1015 362 1080 de
392 1039 455 1103 quo
481 1017 661 1102 significatu
687 1019 849 1082 notissimo
878 1019 936 1082 cfr.
959 1018 1027 1084 Cio.
1049 1018 1152 1083 Aead.
1174 1018 1218 1102 II,

123 1115 174 1181 32.
207 1115 393 1200 Ubicumque
407 1117 617 1202 probabilitas
632 1131 686 1181 aat
703 1120 838 1183 occurrit
853 1132 906 1182 aat
921 1118 1032 1206 deficit,
1055 1120 1220 1183 autetiam

122 1228 176 1281 aut
201 1237 268 1278 non
293 1216 522 1301 respondemus.
567 1215 662 1297 Quod
689 1217 731 1282 ad
759 1219 839 1282 altro
863 1217 897 1302 (i.
921 1240 949 1281 e.
972 1217 1059 1300 adeo)
1087 1227 1219 1304 spectat,

123 1335 290 1399 compares
316 1337 348 1381 v.
375 1315 438 1379 28:
454 1337 502 1401 sq.
528 1317 699 1400 inprobus,
739 1318 819 1382 altro
853 1319 911 1402 pai
932 1319 1086 1381 meliorem
1112 1317 1221 1382 aadaa

123 1415 262 1478 venetia
282 1415 342 1478 ias.
387 1413 453 1479 Sat.
476 1414 502 1498 l,
525 1415 554 1497 l,
577 1416 625 1479 17.
650 1439 696 1502 sq.
719 1417 799 1481 altro
822 1418 999 1481 maneribus
1020 1419 1135 1481 missis.
1174 1417 1219 1509 ΙΙ,

124 1513 154 1595 l,
175 1512 226 1577 40.
249 1535 296 1599 sq.
345 1514 405 1596 Ta,
432 1539 525 1600 qaam
545 1517 591 1580 sis
611 1517 696 1602 qaod
715 1539 771 1603 epo
793 1529 822 1580 et
833 1518 991 1603 fortassis
1011 1517 1153 1600 aequior,
1176 1516 1220 1579 rd-

83 1608 84 1611 '
124 1624 172 1676 tro
194 1613 343 1678 insedere
363 1614 444 1679 uelat
464 1614 602 1679 meliori·
634 1615 740 1680 Oarm.
763 1614 827 1698 IV,
855 1615 889 1698 4,
918 1615 969 1680 51.
992 1637 1040 1701 sq.
1064 1629 1218 1680 sectamur

91 1766 105 1800 3
123 1712 214 1795 altro,
236 1737 313 1801 quos
334 1715 455 1798 opimas
467 1714 586 1799 fallere
608 1727 636 1779 et
658 1717 792 1802 ffapere
814 1727 858 1778 est
879 1715 1062 1800 trramplras.

109 1811 155 1880 'V.
173 1830 213 1880 96.
231 1844 270 1897 sq.
769 1830 853 1880 donee
870 1830 929 1880 ohe
945 1831 1020 1881 iam!

321 1909 363 1961 Ad
380 1910 481 1962 eoelum
497 1913 617 1962 manibus
635 1911 746 1962 sublatis
764 1913 862 1975 dixerit,
879 1929 962 1979 urguo
979 1944 1063 1954 ---

212 2007 275 2074 Olze
305 2010 389 2074 iam!
424 2032 482 2096 pro
515 2011 570 2074 alae
597 2013 661 2076 iane
689 2013 767 2076 satr's
792 2012 856 2076 est!
896 2011 1106 2098 Aposiopesis
1134 2009 1219 2074 bene

127 2108 299 2176 adumbrat
330 2092 499 2174 hominem¹
523 2111 623 2175 nimia
653 2110 834 2175 laudatione
862 2133 966 2197 paene
994 2111 1219 2175 exanimatum.

125 2209 238 2294 Itaque
253 2210 317 2274 iam
330 2207 384 2273 hie
404 2232 468 2273 non
482 2211 586 2296 magis
603 2233 675 2273 eum
691 2210 807 2275 dixerit
823 2211 1082 2300 coniungendam
1094 2208 1220 2273 videtur

127 2330 223 2393 quam
249 2298 322 2373 oum
351 2307 472 2373 disceris
500 2309 584 2395 apud
610 2309 704 2374 Mart.
727 2309 808 2393 VII,
835 2310 892 2394 50,
921 2311 969 2375 14.
993 2323 1021 2374 et
1041 2333 1135 2397 qaam
1155 2310 1219 2373 iarn

125 2409 204 2472 satis
226 2408 288 2472 esti
313 2407 443 2490 dederis,
467 2410 517 2473 ille
537 2410 624 2496 tepet.

104 2523 158 2598 AV.
178 2498 233 2576 103]
251 2540 290 2589 sq.
394 2538 396 2543 ’
917 2530 965 2576 est

326 2607 451 2660 Gaudia
468 2608 652 2674 prodentem
668 2609 769 2660 vultum
787 2608 879 2659 celare.

210 2706 372 2772 Gesnerus
398 2707 544 2773 resolvit:
576 2708 817 2795 „circumpone
845 2707 905 2772 tibi
929 2706 1038 2801 fletum
1058 2714 1222 2789 tamquam

126 2828 311 2893 personam,
341 2806 400 2872 sub
427 2829 491 2892 qua
518 2807 623 2872 ridere
649 2809 762 2893 possis.
804 2806 947 2871 Prudens
973 2804 1094 2892 paedia
1121 2803 1222 2867 auitas

129 2906 182 2969 hio
212 2904 341 2987 dieitur,
370 2914 404 2969 ut
430 2928 507 2970 mox
531 2931 586 2970 sea
603 2905 710 2992 fandi
726 2901 827 2969 ..ζ-
847 2909 889 2970 sit
915 2919 1024 2987 emtor,
1051 2903 1083 2967 h.
1107 2926 1135 2966 e.
1158 2925 1222 2966 esse

132 3004 238 3069 velit.“
279 3003 440 3089 Equidem
468 3003 562 3090 longe
591 3004 681 3068 aliter
709 3005 848 3068 sentiens
875 3004 996 3069 dietum
1023 3002 1145 3066 malim:
1178 3014 1223 3065 est
1253 2997 1257 3007 ¹

129 3103 255 3186 saltam,
277 3105 334 3189 qai
349 3103 471 3191 paedia
487 3103 605 3190 prodit,
628 3104 749 3190 gaudia
771 3104 878 3186 celare,
899 3102 987 3168 velut
1001 3097 1110 3186 Sat‘I,
1125 3100 1155 3184 3,
1170 3100 1220 3164 74.

129 3226 239 3287 aequm
261 3216 312 3285 est,
326 3205 471 3288 pereatis
491 3205 612 3268 veniam
624 3216 804 3289 poscentem
823 3202 954 3268 reddere
970 3226 1090 3283 rursus,
1113 3223 1157 3264 se.
1173 3224 1222 3265 ae-

128 3302 225 3367 aiam.
261 3301 491 3367 Accusativum
513 3311 618 3367 autem
641 3325 713 3367 cum
733 3302 887 3368 infinitivo
909 3311 1003 3388 poeta
1022 3309 1093 3387 post
1107 3313 1152 3364 est
1164 3320 1220 3385 po·

130 3402 208 3485 suit,
238 3401 505 3488 quemadmodum
533 3401 652 3468 Graeci
680 3403 807 3488 saepius
833 3412 906 3489 post
927 3418 1021 3480 ἔξεσπ.
1061 3399 1128 3465 cfr.
1151 3398 1220 3463 (tic.

131 3501 227 3565 Tusa.
250 3501 307 3584 IV,
330 3501 380 3567 32.
424 3503 512 3567 Haec
532 3503 651 3568 laetitia
672 3526 765 3587 qaam
786 3504 887 3589 turpis
908 3505 964 3585 sit,
987 3501 1065 3565 satis
1087 3512 1131 3564 est
1152 3498 1223 3563 dili-

127 3614 236 3689 9enter
262 3602 464 3668 attendentem
476 3604 605 3689 pertitas
629 3601 742 3683 uidere,
765 3601 821 3666 ubi
844 3601 924 3666 nihil
947 3599 1141 3682 novandum,
1163 3597 1221 3663 sed
1272 3657 1273 3661 ,

129 3701 210 3766 satr's
231 3700 332 3766 solum
354 3725 427 3767 eum
448 3703 610 3790 ddipeater
630 3700 828 3786 iungendum
850 3712 908 3767 est.

559 3862 696 3937 SM*-
713 3863 799 3932 Vl.

130 3967 162 4051 v]
182 3999 220 4050 13.
517 3999 547 4051 Si
564 4000 634 4066 quod
651 4000 726 4051 adest
742 4004 868 4067 gratum
884 4000 958 4051 iuvat
975 4043 1058 4055 ...-

214 4097 257 4162 Η.
281 4119 309 4163 e.
339 4097 460 4163 Orellio
487 4108 618 4165 auctore
647 4101 694 4165 ita
714 4098 815 4182 iuvat,
845 4113 878 4164 ut
903 4113 1029 4188 protam
1057 4097 1098 4162 sit
1119 4096 1223 4160 anime

132 4221 208 4265 meo.
251 4199 403 4266 Potestne
430 4222 507 4267 vero
537 4199 658 4287 aliquid
675 4221 742 4266 nos
771 4201 867 4266 etiam
894 4199 940 4265 ita
964 4200 1093 4282 iuvare,
1122 4204 1156 4262 ut
1175 4195 1222 4260 in-

992 4297 1028 4352 9*
