2678 4642
395 203 430 252 m
451 201 642 252 sarmarum
661 202 791 250 amnon
811 201 944 251 remon
1171 187 1211 252 27

121 368 197 457 dam
222 368 561 456 circumscripte'sive
583 367 649 433 fixa
668 365 802 433 laborat.
845 365 912 432 dfr.
934 366 1002 434 Sat.
1023 367 1119 452 11,'3‚
1140 369 1216 436 201:-

125 469 280 548 Qacrsam
300 470 429 535 insanas
450 477 511 533 etc.

121 585 153 637 V.
170 587 211 637 62.
230 600 268 651 sq.
862 581 932 643 Quid
951 584 1017 632 inter

318 667 376 731 Est,
392 667 420 717 in
435 671 563 730 matrona,
580 664 713 729 ancilla,
730 679 884 730 peccasse
900 667 1008 732 togata?

204 767 300 831 Hanc
312 765 476 852 vulgatam
488 765 680 852 scripturam
693 763 880 829 mendosam
895 786 965 829 esse
976 765 1041 829 iam
1051 764 1214 831 Bentleius

121 865 214 949 vidit,
236 865 295 930 sed
317 863 402 952 quod
423 864 510 929 idem
531 864 683 951 multique
705 857 761 928 alil
780 886 834 937 vv.
856 862 914 929 ddi
937 886 979 928 ex
1000 864 1214 952 compluribus

123 964 320 1031 membranis
341 971 532 1055 recepenmt
544 987 703 1050 peccesne,
724 962 768 1045 id,
790 962 818 1027 si
830 957 894 1027 tres
905 970 1057 1051 personas
1071 966 1214 1052 proposi·

121 1073 172 1129 tas
193 1065 313 1148 statuis,
334 1062 510 1145 soloecum3
533 1064 582 1127 sin
596 1061 685 1145 duas,
705 1054 779 1127 ideo
792 1061 966 1128 absurdum
981 1071 1038 1148 est,
1059 1064 1145 1151 quod
1158 1087 1215 1128 an-

121 1163 205 1229 cilla*
217 1163 363 1228 Romana
387 1177 452 1227 non
478 1171 548 1227 erat
571 1170 690 1248 togata.
732 1161 904 1227 Praeterea
930 1185 1008 1228 vero
1033 1184 1097 1228 non
1124 1165 1214 1228 omit-

122 1262 255 1328 tendum
276 1273 362 1351 puto,
384 1260 521 1350 ancillae
537 1262 731 1326 mentionem
745 1261 872 1326 omnino
888 1282 958 1326 esse
971 1262 1097 1347 miram,
1119 1285 1216 1350 quum

122 1360 289 1450 hucusque
321 1361 362 1426 de
393 1361 546 1426 matronis
578 1359 674 1424 modo
707 1368 739 1424 et
764 1359 920 1431 libertinis
947 1361 1139 1449 disputatum
1156 1362 1215 1436 sit

122 1460 219 1526 Unde
241 1483 318 1548 ergo
341 1460 456 1526 saeida
475 1459 592 1548 pedem
613 1458 774 1524 intulerit?
817 1459 910 1544 Solo,
933 1460 968 1524 ni
988 1459 1097 1545 fallor,
1118 1460 1215 1526 libra-

122 1560 244 1626 riorum
260 1560 353 1647 lapsu
372 1561 406 1624 in
419 1581 550 1624 scenam
562 1557 690 1645 prodiit.
724 1558 849 1646 Nempe
864 1581 906 1624 ex
920 1554 1218 1650 ‘considente'l'qucidu

121 1681 238 1724 vocem
257 1657 362 1724 ancilla
380 1659 528 1724 videntur
545 1657 744 1745 procudisse,
765 1667 800 1723 ut
819 1658 1060 1724 rescribendum
1081 1661 1121 1724 sit
1141 1660 1220 1745 qaid

121 1759 205 1824 e‘ater
230 1772 288 1842 est,
320 1761 355 1824 ia
379 1771 522 1823 matrona
551 1755 615 1840 duc,
643 1755 694 1822 illu
717 1780 867 1844 peccesne
892 1757 1020 1845 tepula?
1067 1757 1217 1824 Ceterum

123 1859 319 1944 praepositio
340 1859 421 1923 ν’πεεν
442 1857 495 1922 hic
516 1879 581 1922 non
600 1857 706 1942 magis
728 1864 776 1921 est
797 1879 869 1922 cum
889 1856 990 1941 serbo
1012 1877 1069 1920 suo
1090 1857 1218 1944 virgula

125 1956 312 2043 colliganda
333 1980 431 2044 quam
451 1957 485 2021 in
504 1955 633 2043 vulgari
652 1957 746 2021 tmesi
769 1955 812 2040 (e.
833 1978 862 2020 e.
883 1955 950 2020 Sat.
970 1955 997 2041 Ι,
1019 1956 1048 2040 l,
1068 1956 1118 2022 86.
1140 1957 1167 2040 Ι,
1187 1957 1217 2041 6,

124 2058 179 2122 58.
195 2057 268 2143 sq),
290 2056 348 2123 ubi
367 2055 539 2121 nemodum
559 2055 767 2142 ligamentum
788 2055 951 2143 applicuit.

125 2189 160 2242 V.
177 2190 217 2242 64.
235 2205 292 2256 sqq.
325 2188 442 2239 Villius
460 2189 488 2238 in
504 2189 606 2239 Fausta
622 2188 713 2239 Sullae
729 2203 837 2255 gener,
854 2187 904 2237 hoc
919 2187 998 2238 miser
1013 2202 1067 2240 uno

327 2271 437 2321 Nomine
454 2272 585 2336 deceptus,
602 2287 701 2336 peenas
718 2271 888 2336 deditusque
905 2285 1034 2336 superque

325 2355 411 2416 Quam
427 2355 492 2405 satis
509 2359 556 2426 est,
573 2355 669 2421 pugnis
687 2369 779 2404 caesus
795 2354 915 2418 ferroque
931 2355 1035 2419 petitus,

324 2436 481 2487 Exclusus
497 2437 576 2500 iore,
595 2453 686 2502 quum
701 2437 909 2504 Longarenus
925 2436 1009 2487 foret
1025 2436 1119 2488 intus.

210 2552 301 2617 Bene
323 2551 455 2617 Servius
476 2552 520 2618 ad
539 2553 632 2640 Virg.
654 2550 900 2635 Aen.V1,612.
936 2549 1105 2617 salaciam
1124 2552 1219 2640 π’ρπί·

112 2653 217 2740 fleat,
243 2675 332 2738 qaam
352 2652 431 2717 Mile
453 2651 672 2738 deprehensam
691 2653 748 2717 aab
767 2652 853 2716 semri
869 2651 976 2716 hebeto
995 2653 1166 2717 verbaaoit
1186 2653 1221 2717 ia

125 2750 283 2817 adulterio
304 2753 415 2816 ππονῖε
434 2776 518 2835 suae,
540 2776 618 2837 quoe
630 2753 745 2839 fumat
764 2751 895 2833 Fausta,
916 2749 1021 2815 dudae
1033 2751 1117 2838 filia.
1163 2751 1219 2815 Ni-

125 2850 243 2915 mirum
271 2851 389 2932 Villius,
410 2858 445 2914 ut
465 2851 531 2916 iam
552 2852 596 2916 ad
610 2850 678 2916 Sat.
697 2846 725 2931 Ι,
741 2852 769 2936 1,
784 2850 835 2915 95.
852 2848 1072 2937 explicuimus,
1093 2850 1115 2915 ἰ,
1129 2859 1220 2937 estq.

131 2949 273 3036 Crispas,
294 2947 446 3014 moechus
467 2950 521 3015 illc
542 2950 608 3016 iam
628 2973 659 3016 v.
681 2951 732 3015 49.
754 2958 889 3014 notatim.

107 3039 109 3044 ’
214 3048 296 3114 Cum
315 3048 425 3115 verbis
447 3071 516 3136 sqq.
542 3051 576 3115 in
595 3051 718 3115 Fausta
738 3049 842 3116 Sulla
860 3071 953 3136 ρεπεν
962 3045 1107 3112 Bentleio
1128 3070 1220 3135 prae-

128 3156 225 3215 eunte
260 3149 450 3236 interpretes
486 3171 679 3236 componere
714 3147 817 3214 solent
846 3148 925 3212 Tac.
960 3145 1044 3212 Ann.
1076 3147 1137 3232 ΙΠ,
1168 3147 1221 3212 24.

126 3247 171 3312 D.
194 3246 322 3312 Silenos
342 3249 377 3312 ia
396 3249 484 3334 nepti
500 3248 640 3336 Απρπειί
657 3248 787 3331 adulter,
810 3247 895 3313 unde
915 3245 1012 3334 plena
1026 3247 1125 3312 oratio
1140 3245 1222 3313 haec

127 3345 251 3434 prodit:
272 3349 307 3412 ia
318 3347 449 3431 Fausta,
471 3347 576 3414 Saliae
588 3348 671 3435 filia,
691 3373 794 3436 ρεπεν,
818 3349 874 3436 qui
894 3367 997 3412 sermo
1019 3369 1082 3411 non
1097 3355 1146 3411 est
1158 3347 1221 3412 La-

128 3446 225 3512 tinus.
268 3447 337 3512 Fea
365 3447 530 3513 coniunxit
557 3447 666 3512 Villius
685 3449 721 3513 ia
738 3449 861 3513 Fausta
882 3455 914 3511 et
933 3446 1135 3533 participium
1147 3469 1223 3533 pec-

129 3569 208 3611 cans
229 3568 272 3610 ex
291 3569 323 3610 v.
341 3546 392 3611 63.
414 3547 540 3612 videtur
559 3547 735 3632 repetiisse,
756 3570 833 3612 nam
855 3546 895 3613 de
916 3548 989 3634 ipsa
1009 3545 1223 3633 explicatione

128 3643 213 3710 nihil
239 3646 413 3711 annotavit.
455 3645 576 3711 Verum
605 3646 713 3711 Villius
739 3648 773 3713 ia
796 3648 918 3712 Fausta
937 3669 1090 3733 peccaras,
1119 3646 1224 3713 Sellae

127 3768 238 3833 ρεπεν,
264 3745 321 3810 πον
346 3746 440 3809 me'ser
463 3768 524 3810 ππο
545 3747 665 3811 nomine
687 3745 830 3833 deceptas
850 3746 1013 3832 aliquanto
1035 3744 1224 3811 cumulatius

131 3852 229 3930 atquc
251 3844 434 3931 impeditius
456 3852 505 3908 est
524 3866 621 3930 quam
641 3854 675 3910 ut
694 3844 1024 3911 Horatio'tribuerim.
1066 3844 1224 3932 Speciosa

133 3952 246 4008 contra
265 3943 421 4010 Meinekii
447 3944 631 4010 coniectura
658 3946 768 4011 Villius
793 3947 828 4011 ia
847 3946 970 4010 Fausta
995 3943 1054 4029 (sc.
1074 3945 1223 4032 peccans)

134 4042 240 4110 Saldae
267 4060 377 4127 qaaere,
409 4043 467 4108 sed
495 4065 568 4109 eam
595 4043 697 4110 verba
717 4046 778 4110 loe
803 4047 897 4110 miser
916 4068 977 4109 ππο
998 4046 1118 4110 aemalae
1140 4043 1224 4110 dece-

128 4155 207 4230 ptus
227 4143 286 4210 vix
307 4142 482 4229 admittant,
504 4144 580 4231 quia
598 4167 664 4210 non
684 4153 750 4210 tam
768 4144 811 4211 ad
823 4168 935 4212 verum
949 4143 1100 4232 quemad
1114 4145 1225 4234 opina
1262 4147 1265 4152 ’
