<?xml version="1.0" encoding="UTF-8"?>
<!DOCTYPE html PUBLIC "-//W3C//DTD XHTML 1.0 Transitional//EN"
    "http://www.w3.org/TR/xhtml1/DTD/xhtml1-transitional.dtd">
<html xmlns="http://www.w3.org/1999/xhtml" xml:lang="en" lang="en">
 <head>
  <title>
</title>
<meta http-equiv="Content-Type" content="text/html;charset=utf-8" />
  <meta name='ocr-system' content='tesseract 3.04.00' />
  <meta name='ocr-capabilities' content='ocr_page ocr_carea ocr_par ocr_line ocrx_word'/>
</head>
<body>
  <div class='ocr_page' id='page_1' title='image "./coniectaneainqh00apitgoog_0116.png"; bbox 0 0 2678 4642; ppageno 0'>
   <div class='ocr_carea' id='block_1_1' title="bbox 368 201 1209 295">
    <p class='ocr_par' dir='ltr' id='par_1_1' title="bbox 368 201 1209 295">
     <span class='ocr_line' id='line_1_1' title="bbox 368 201 1209 295; baseline 0 -1"><span class='ocrx_word' id='word_1_1' title='bbox 368 245 402 294; x_wconf 83' lang='lat' dir='ltr'><strong>m</strong></span> <span class='ocrx_word' id='word_1_2' title='bbox 423 244 614 295; x_wconf 68' lang='lat' dir='ltr'><strong>saansaan</strong></span> <span class='ocrx_word' id='word_1_3' title='bbox 634 243 763 293; x_wconf 80' lang='lat' dir='ltr'><strong>nmaun</strong></span> <span class='ocrx_word' id='word_1_4' title='bbox 784 201 968 294; x_wconf 82' lang='lat' dir='ltr'><strong>succunun</strong></span> <span class='ocrx_word' id='word_1_5' title='bbox 1148 223 1209 294; x_wconf 77' lang='lat'><strong>109</strong></span> 
     </span>
    </p>
   </div>
   <div class='ocr_carea' id='block_1_2' title="bbox 57 407 1210 1291">
    <p class='ocr_par' dir='ltr' id='par_1_2' title="bbox 57 407 1210 1096">
     <span class='ocr_line' id='line_1_2' title="bbox 122 407 1210 496; baseline -0.005 -17"><span class='ocrx_word' id='word_1_6' title='bbox 122 414 206 480; x_wconf 66' lang='lat' dir='ltr'><strong>hosce</strong></span> <span class='ocrx_word' id='word_1_7' title='bbox 226 459 309 472; x_wconf 86' lang='grc'><strong>--</strong></span> <span class='ocrx_word' id='word_1_8' title='bbox 329 411 464 477; x_wconf 65' lang='lat' dir='ltr'><strong>inclinet.</strong></span> <span class='ocrx_word' id='word_1_9' title='bbox 486 411 513 496; x_wconf 99' lang='grc' dir='ltr'><strong>Ι,</strong></span> <span class='ocrx_word' id='word_1_10' title='bbox 527 412 557 496; x_wconf 88' lang='lat'><strong>4,</strong></span> <span class='ocrx_word' id='word_1_11' title='bbox 573 410 624 476; x_wconf 83' lang='lat'><strong>33.</strong></span> <span class='ocrx_word' id='word_1_12' title='bbox 646 434 749 476; x_wconf 79' lang='lat' dir='ltr'><strong>omnes</strong></span> <span class='ocrx_word' id='word_1_13' title='bbox 769 410 806 476; x_wconf 83' lang='lat' dir='ltr'><strong>lu‘</strong></span> <span class='ocrx_word' id='word_1_14' title='bbox 822 407 959 475; x_wconf 79' lang='lat' dir='ltr'><strong>metuant</strong></span> <span class='ocrx_word' id='word_1_15' title='bbox 978 433 1094 492; x_wconf 74' lang='lat' dir='ltr'><strong>vasus,</strong></span> <span class='ocrx_word' id='word_1_16' title='bbox 1117 408 1210 476; x_wconf 74' lang='lat' dir='ltr'><strong>odere</strong></span> 
     </span>
     <span class='ocr_line' id='line_1_3' title="bbox 114 509 1209 601; baseline -0.002 -23"><span class='ocrx_word' id='word_1_17' title='bbox 114 528 238 601; x_wconf 81' lang='lat' dir='ltr'><strong>poetas.</strong></span> <span class='ocrx_word' id='word_1_18' title='bbox 281 511 365 580; x_wconf 82' lang='lat' dir='ltr'><strong>Ibid.</strong></span> <span class='ocrx_word' id='word_1_19' title='bbox 389 511 458 575; x_wconf 79' lang='lat'><strong>137.</strong></span> <span class='ocrx_word' id='word_1_20' title='bbox 481 532 550 597; x_wconf 86' lang='lat' dir='ltr'><strong>sqq.</strong></span> <span class='ocrx_word' id='word_1_21' title='bbox 579 509 666 575; x_wconf 85' lang='lat' dir='ltr'><strong>Haec</strong></span> <span class='ocrx_word' id='word_1_22' title='bbox 688 534 742 599; x_wconf 75' lang='lat' dir='ltr'><strong>epo</strong></span> <span class='ocrx_word' id='word_1_23' title='bbox 768 517 887 575; x_wconf 81' lang='lat' dir='ltr'><strong>mecum</strong></span> <span class='ocrx_word' id='word_1_24' title='bbox 913 512 1096 598; x_wconf 80' lang='lat' dir='ltr'><strong>compressis</strong></span> <span class='ocrx_word' id='word_1_25' title='bbox 1123 511 1209 598; x_wconf 68' lang='lat' dir='ltr'><strong>epita</strong></span> 
     </span>
     <span class='ocr_line' id='line_1_4' title="bbox 122 609 1210 697; baseline -0.003 -19"><span class='ocrx_word' id='word_1_26' title='bbox 122 613 230 694; x_wconf 69' lang='lat' dir='ltr'><strong>latria</strong></span> <span class='ocrx_word' id='word_1_27' title='bbox 252 610 309 676; x_wconf 79' lang='lat' dir='ltr'><strong>ati</strong></span> <span class='ocrx_word' id='word_1_28' title='bbox 326 610 404 696; x_wconf 79' lang='lat' dir='ltr'><strong>qaid</strong></span> <span class='ocrx_word' id='word_1_29' title='bbox 424 610 518 674; x_wconf 76' lang='lat' dir='ltr'><strong>datar</strong></span> <span class='ocrx_word' id='word_1_30' title='bbox 539 611 590 692; x_wconf 78' lang='lat' dir='ltr'><strong>oti,</strong></span> <span class='ocrx_word' id='word_1_31' title='bbox 612 610 711 676; x_wconf 78' lang='lat' dir='ltr'><strong>o&#39;llado</strong></span> <span class='ocrx_word' id='word_1_32' title='bbox 732 611 859 674; x_wconf 71' lang='lat' dir='ltr'><strong>charus.</strong></span> <span class='ocrx_word' id='word_1_33' title='bbox 880 609 907 693; x_wconf 89' lang='lat' dir='ltr'><strong>I,</strong></span> <span class='ocrx_word' id='word_1_34' title='bbox 922 609 952 694; x_wconf 84' lang='grc'><strong>9,</strong></span> <span class='ocrx_word' id='word_1_35' title='bbox 975 611 1024 675; x_wconf 87' lang='grc'><strong>12.</strong></span> <span class='ocrx_word' id='word_1_36' title='bbox 1047 631 1094 696; x_wconf 87' lang='lat' dir='ltr'><strong>sq.</strong></span> <span class='ocrx_word' id='word_1_37' title='bbox 1116 634 1210 697; x_wconf 83' lang='lat' dir='ltr'><strong>qaam</strong></span> 
     </span>
     <span class='ocr_line' id='line_1_5' title="bbox 123 709 1208 798; baseline -0.003 -21"><span class='ocrx_word' id='word_1_38' title='bbox 123 712 274 798; x_wconf 75' lang='lat' dir='ltr'><em>quidlibet</em></span> <span class='ocrx_word' id='word_1_39' title='bbox 294 711 345 776; x_wconf 70' lang='lat' dir='ltr'><strong>ille</strong></span> <span class='ocrx_word' id='word_1_40' title='bbox 363 711 515 798; x_wconf 67' lang='lat' dir='ltr'><strong>parata,</strong></span> <span class='ocrx_word' id='word_1_41' title='bbox 537 711 639 793; x_wconf 78' lang='lat' dir='ltr'><strong>uicos,</strong></span> <span class='ocrx_word' id='word_1_42' title='bbox 666 709 772 774; x_wconf 77' lang='lat' dir='ltr'><strong>arbem</strong></span> <span class='ocrx_word' id='word_1_43' title='bbox 796 709 948 790; x_wconf 53' lang='lat' dir='ltr'><strong>auderet.</strong></span> <span class='ocrx_word' id='word_1_44' title='bbox 980 709 1064 774; x_wconf 89' lang='lat' dir='ltr'><strong>Ibid.</strong></span> <span class='ocrx_word' id='word_1_45' title='bbox 1087 709 1136 774; x_wconf 84' lang='lat'><strong>65.</strong></span> <span class='ocrx_word' id='word_1_46' title='bbox 1160 730 1208 794; x_wconf 86' lang='lat' dir='ltr'><strong>sq.</strong></span> 
     </span>
     <span class='ocr_line' id='line_1_6' title="bbox 57 808 1209 892; baseline -0.004 -15"><span class='ocrx_word' id='word_1_47' title='bbox 57 839 59 842; x_wconf 91' lang='lat'>·</span> <span class='ocrx_word' id='word_1_48' title='bbox 122 813 208 877; x_wconf 78' lang='lat' dir='ltr'><strong>Male</strong></span> <span class='ocrx_word' id='word_1_49' title='bbox 229 811 331 876; x_wconf 74' lang='lat' dir='ltr'><strong>saletas</strong></span> <span class='ocrx_word' id='word_1_50' title='bbox 351 809 459 874; x_wconf 79' lang='lat' dir='ltr'><strong>rideas</strong></span> <span class='ocrx_word' id='word_1_51' title='bbox 480 809 691 891; x_wconf 76' lang='lat' dir='ltr'><strong>disscinalare,</strong></span> <span class='ocrx_word' id='word_1_52' title='bbox 719 833 817 874; x_wconf 86' lang='lat' dir='ltr'><strong>meam</strong></span> <span class='ocrx_word' id='word_1_53' title='bbox 838 811 925 873; x_wconf 78' lang='lat' dir='ltr'><strong>iecur</strong></span> <span class='ocrx_word' id='word_1_54' title='bbox 945 831 1034 873; x_wconf 74' lang='lat' dir='ltr'><strong>urae</strong></span> <span class='ocrx_word' id='word_1_55' title='bbox 1056 809 1137 874; x_wconf 64' lang='lat' dir='ltr'><strong>tutat.</strong></span> <span class='ocrx_word' id='word_1_56' title='bbox 1164 808 1209 892; x_wconf 92' lang='lat' dir='ltr'><strong>II,</strong></span> 
     </span>
     <span class='ocr_line' id='line_1_7' title="bbox 123 909 1209 996; baseline -0.001 -21"><span class='ocrx_word' id='word_1_57' title='bbox 123 909 154 996; x_wconf 87' lang='lat'><strong>3,</strong></span> <span class='ocrx_word' id='word_1_58' title='bbox 177 911 227 976; x_wconf 89' lang='grc'><strong>82.</strong></span> <span class='ocrx_word' id='word_1_59' title='bbox 250 931 297 995; x_wconf 89' lang='lat' dir='ltr'><strong>sq.</strong></span> <span class='ocrx_word' id='word_1_60' title='bbox 336 909 455 974; x_wconf 81' lang='lat' dir='ltr'><strong>Danda</strong></span> <span class='ocrx_word' id='word_1_61' title='bbox 482 921 527 973; x_wconf 80' lang='lat' dir='ltr'><strong>est</strong></span> <span class='ocrx_word' id='word_1_62' title='bbox 552 909 679 973; x_wconf 65' lang='lat' dir='ltr'><strong>ellebori</strong></span> <span class='ocrx_word' id='word_1_63' title='bbox 705 909 800 974; x_wconf 69' lang='lat' dir='ltr'><strong>malo</strong></span> <span class='ocrx_word' id='word_1_64' title='bbox 817 933 902 996; x_wconf 82' lang='lat' dir='ltr'><strong>pars</strong></span> <span class='ocrx_word' id='word_1_65' title='bbox 929 911 1068 975; x_wconf 73' lang='lat' dir='ltr'><strong>maxim</strong></span> <span class='ocrx_word' id='word_1_66' title='bbox 1082 909 1209 992; x_wconf 64' lang='lat' dir='ltr'><strong>‚avaria</strong></span> 
     </span>
     <span class='ocr_line' id='line_1_8' title="bbox 122 1007 980 1096; baseline -0.002 -21"><span class='ocrx_word' id='word_1_67' title='bbox 122 1013 226 1075; x_wconf 73' lang='lat' dir='ltr'><strong>nescio</strong></span> <span class='ocrx_word' id='word_1_68' title='bbox 247 1035 289 1075; x_wconf 87' lang='grc' dir='ltr'><strong>αα</strong></span> <span class='ocrx_word' id='word_1_69' title='bbox 308 1009 495 1096; x_wconf 72' lang='lat' dir='ltr'><strong><em>Anticyram</em></strong></span> <span class='ocrx_word' id='word_1_70' title='bbox 514 1010 597 1074; x_wconf 79' lang='lat' dir='ltr'><strong>ratio</strong></span> <span class='ocrx_word' id='word_1_71' title='bbox 617 1009 683 1074; x_wconf 79' lang='lat' dir='ltr'><strong>illis</strong></span> <span class='ocrx_word' id='word_1_72' title='bbox 704 1007 834 1074; x_wconf 73' lang='lat' dir='ltr'><strong>destimt</strong></span> <span class='ocrx_word' id='word_1_73' title='bbox 854 1031 980 1075; x_wconf 73' lang='grc' dir='ltr'><strong>αααααα.</strong></span> 
     </span>
    </p>

    <p class='ocr_par' dir='ltr' id='par_1_3' title="bbox 121 1119 1013 1210">
     <span class='ocr_line' id='line_1_9' title="bbox 121 1119 1013 1210; baseline -0.002 -15"><span class='ocrx_word' id='word_1_74' title='bbox 121 1143 154 1196; x_wconf 86' lang='lat' dir='ltr'><strong>V.</strong></span> <span class='ocrx_word' id='word_1_75' title='bbox 171 1146 212 1195; x_wconf 83' lang='grc'><strong>96.</strong></span> <span class='ocrx_word' id='word_1_76' title='bbox 230 1158 286 1210; x_wconf 88' lang='lat' dir='ltr'><strong>sqq.</strong></span> <span class='ocrx_word' id='word_1_77' title='bbox 578 1119 580 1123; x_wconf 31' lang='lat'><em>⁷</em></span> <span class='ocrx_word' id='word_1_78' title='bbox 768 1132 777 1155; x_wconf 78' lang='lat'>&#39;</span> <span class='ocrx_word' id='word_1_79' title='bbox 801 1173 804 1178; x_wconf 96' lang='lat'>-</span> <span class='ocrx_word' id='word_1_80' title='bbox 937 1140 1013 1194; x_wconf 77' lang='lat' dir='ltr'><strong>Adde</strong></span> 
     </span>
    </p>

    <p class='ocr_par' dir='ltr' id='par_1_4' title="bbox 320 1223 930 1291">
     <span class='ocr_line' id='line_1_10' title="bbox 320 1223 930 1291; baseline 0.003 -17"><span class='ocrx_word' id='word_1_81' title='bbox 320 1223 419 1275; x_wconf 84' lang='lat' dir='ltr'><strong>Iratum</strong></span> <span class='ocrx_word' id='word_1_82' title='bbox 434 1226 565 1289; x_wconf 82' lang='lat' dir='ltr'><strong>patruum,</strong></span> <span class='ocrx_word' id='word_1_83' title='bbox 581 1223 690 1287; x_wconf 84' lang='lat' dir='ltr'><strong>vicinos,</strong></span> <span class='ocrx_word' id='word_1_84' title='bbox 706 1227 733 1274; x_wconf 86' lang='lat' dir='ltr'><strong>te</strong></span> <span class='ocrx_word' id='word_1_85' title='bbox 748 1224 797 1274; x_wconf 90' lang='lat' dir='ltr'><strong>tibi</strong></span> <span class='ocrx_word' id='word_1_86' title='bbox 812 1225 930 1291; x_wconf 86' lang='lat' dir='ltr'><strong>iniquum</strong></span> 
     </span>
    </p>
   </div>
   <div class='ocr_carea' id='block_1_3' title="bbox 320 1307 1048 1456">
    <p class='ocr_par' dir='ltr' id='par_1_5' title="bbox 320 1307 1048 1456">
     <span class='ocr_line' id='line_1_11' title="bbox 320 1307 1048 1376; baseline 0.005 -20"><span class='ocrx_word' id='word_1_87' title='bbox 320 1308 356 1357; x_wconf 85' lang='lat' dir='ltr'><strong>Et</strong></span> <span class='ocrx_word' id='word_1_88' title='bbox 372 1307 468 1357; x_wconf 84' lang='lat' dir='ltr'><strong>frustra</strong></span> <span class='ocrx_word' id='word_1_89' title='bbox 483 1307 572 1358; x_wconf 86' lang='lat' dir='ltr'><strong>mortis</strong></span> <span class='ocrx_word' id='word_1_90' title='bbox 589 1307 719 1374; x_wconf 83' lang='lat' dir='ltr'><strong>cupidum,</strong></span> <span class='ocrx_word' id='word_1_91' title='bbox 737 1323 817 1374; x_wconf 89' lang='lat' dir='ltr'><strong>quum</strong></span> <span class='ocrx_word' id='word_1_92' title='bbox 833 1309 915 1360; x_wconf 84' lang='lat' dir='ltr'><strong>deerit</strong></span> <span class='ocrx_word' id='word_1_93' title='bbox 931 1309 1017 1376; x_wconf 74' lang='lat' dir='ltr'><strong>egenti</strong></span> <span class='ocrx_word' id='word_1_94' title='bbox 1041 1334 1048 1341; x_wconf 74' lang='lat'><strong>.</strong></span> 
     </span>
     <span class='ocr_line' id='line_1_12' title="bbox 320 1389 979 1456; baseline 0.002 -14"><span class='ocrx_word' id='word_1_95' title='bbox 320 1390 373 1453; x_wconf 79' lang='lat' dir='ltr'><strong>As,</strong></span> <span class='ocrx_word' id='word_1_96' title='bbox 390 1389 479 1456; x_wconf 87' lang='lat' dir='ltr'><strong>laquei</strong></span> <span class='ocrx_word' id='word_1_97' title='bbox 494 1391 613 1456; x_wconf 86' lang='lat' dir='ltr'><strong>pretium.</strong></span> <span class='ocrx_word' id='word_1_98' title='bbox 976 1398 979 1403; x_wconf 82' lang='grc'>’</span> 
     </span>
    </p>
   </div>
   <div class='ocr_carea' id='block_1_4' title="bbox 100 1504 1302 3190">
    <p class='ocr_par' dir='ltr' id='par_1_6' title="bbox 100 1504 1302 3190">
     <span class='ocr_line' id='line_1_13' title="bbox 124 1504 1210 1593; baseline 0.005 -24"><span class='ocrx_word' id='word_1_99' title='bbox 124 1525 125 1528; x_wconf 68' lang='grc'>’</span> <span class='ocrx_word' id='word_1_100' title='bbox 206 1504 312 1570; x_wconf 86' lang='lat' dir='ltr'><strong>Maior</strong></span> <span class='ocrx_word' id='word_1_101' title='bbox 326 1504 421 1570; x_wconf 86' lang='lat' dir='ltr'><strong>MSS.</strong></span> <span class='ocrx_word' id='word_1_102' title='bbox 442 1529 518 1593; x_wconf 89' lang='lat' dir='ltr'><strong>pars</strong></span> <span class='ocrx_word' id='word_1_103' title='bbox 540 1530 593 1571; x_wconf 84' lang='lat' dir='ltr'><strong>aes</strong></span> <span class='ocrx_word' id='word_1_104' title='bbox 612 1514 738 1591; x_wconf 89' lang='lat' dir='ltr'><strong>tutatur,</strong></span> <span class='ocrx_word' id='word_1_105' title='bbox 761 1505 846 1592; x_wconf 84' lang='lat' dir='ltr'><strong>quod</strong></span> <span class='ocrx_word' id='word_1_106' title='bbox 866 1529 982 1574; x_wconf 85' lang='lat' dir='ltr'><strong>vereor</strong></span> <span class='ocrx_word' id='word_1_107' title='bbox 1001 1529 1043 1573; x_wconf 86' lang='lat' dir='ltr'><strong>ne</strong></span> <span class='ocrx_word' id='word_1_108' title='bbox 1064 1507 1210 1575; x_wconf 87' lang='lat' dir='ltr'><strong>Bentleio</strong></span> 
     </span>
     <span class='ocr_line' id='line_1_14' title="bbox 123 1605 1211 1693; baseline 0.002 -22"><span class='ocrx_word' id='word_1_109' title='bbox 123 1615 298 1693; x_wconf 87' lang='lat' dir='ltr'><strong>praeeunte</strong></span> <span class='ocrx_word' id='word_1_110' title='bbox 319 1606 435 1670; x_wconf 91' lang='lat' dir='ltr'><strong>iniuria</strong></span> <span class='ocrx_word' id='word_1_111' title='bbox 456 1605 622 1693; x_wconf 87' lang='lat' dir='ltr'><strong>expulsum</strong></span> <span class='ocrx_word' id='word_1_112' title='bbox 644 1609 693 1672; x_wconf 87' lang='lat' dir='ltr'><strong>sit.</strong></span> <span class='ocrx_word' id='word_1_113' title='bbox 725 1607 812 1672; x_wconf 88' lang='lat' dir='ltr'><strong>Hinc</strong></span> <span class='ocrx_word' id='word_1_114' title='bbox 833 1617 929 1692; x_wconf 85' lang='lat' dir='ltr'><strong>certe,</strong></span> <span class='ocrx_word' id='word_1_115' title='bbox 950 1607 1036 1693; x_wconf 88' lang='lat' dir='ltr'><strong>quod</strong></span> <span class='ocrx_word' id='word_1_116' title='bbox 1048 1608 1211 1674; x_wconf 89' lang='lat' dir='ltr'><strong>Lucianus</strong></span> 
     </span>
     <span class='ocr_line' id='line_1_15' title="bbox 124 1704 1211 1792; baseline 0.004 -22"><span class='ocrx_word' id='word_1_117' title='bbox 124 1705 275 1792; x_wconf 88' lang='lat' dir='ltr'><strong>laqueum</strong></span> <span class='ocrx_word' id='word_1_118' title='bbox 295 1705 397 1787; x_wconf 80' lang='lat' dir='ltr'><strong>obolo,</strong></span> <span class='ocrx_word' id='word_1_119' title='bbox 419 1704 551 1770; x_wconf 90' lang='lat' dir='ltr'><strong>Plautus</strong></span> <span class='ocrx_word' id='word_1_120' title='bbox 577 1706 727 1772; x_wconf 76' lang='lat' dir='ltr'><strong><em>drachma</em></strong></span> <span class='ocrx_word' id='word_1_121' title='bbox 753 1705 922 1771; x_wconf 88' lang='lat' dir='ltr'><strong>emendum</strong></span> <span class='ocrx_word' id='word_1_122' title='bbox 948 1706 1043 1792; x_wconf 82' lang='lat' dir='ltr'>dixit,</span> <span class='ocrx_word' id='word_1_123' title='bbox 1069 1708 1211 1774; x_wconf 87' lang='lat' dir='ltr'><strong>nondum</strong></span> 
     </span>
     <span class='ocr_line' id='line_1_16' title="bbox 125 1805 1210 1893; baseline 0.003 -23"><span class='ocrx_word' id='word_1_124' title='bbox 125 1806 274 1890; x_wconf 86' lang='lat' dir='ltr'><strong>efficitur,</strong></span> <span class='ocrx_word' id='word_1_125' title='bbox 296 1805 467 1871; x_wconf 81' lang='lat' dir='ltr'><strong>Horatium</strong></span> <span class='ocrx_word' id='word_1_126' title='bbox 487 1830 533 1889; x_wconf 87' lang='lat' dir='ltr'><strong>ao,</strong></span> <span class='ocrx_word' id='word_1_127' title='bbox 555 1806 661 1891; x_wconf 83' lang='lat' dir='ltr'><strong>laquei</strong></span> <span class='ocrx_word' id='word_1_128' title='bbox 669 1807 811 1893; x_wconf 79' lang='lat' dir='ltr'><strong>pretium</strong></span> <span class='ocrx_word' id='word_1_129' title='bbox 836 1806 1014 1893; x_wconf 82' lang='lat' dir='ltr'><strong>scripsisse.</strong></span> <span class='ocrx_word' id='word_1_130' title='bbox 1051 1807 1126 1873; x_wconf 83' lang='lat' dir='ltr'><strong>&#39;Imo</strong></span> <span class='ocrx_word' id='word_1_131' title='bbox 1153 1829 1210 1873; x_wconf 92' lang='lat' dir='ltr'><strong>no-</strong></span> 
     </span>
     <span class='ocr_line' id='line_1_17' title="bbox 124 1905 1211 1995; baseline 0.003 -25"><span class='ocrx_word' id='word_1_132' title='bbox 124 1906 211 1970; x_wconf 89' lang='lat' dir='ltr'><strong>mine</strong></span> <span class='ocrx_word' id='word_1_133' title='bbox 233 1929 287 1970; x_wconf 80' lang='lat' dir='ltr'><strong>aas</strong></span> <span class='ocrx_word' id='word_1_134' title='bbox 307 1905 386 1970; x_wconf 91' lang='lat' dir='ltr'><strong>nihil</strong></span> <span class='ocrx_word' id='word_1_135' title='bbox 410 1906 592 1971; x_wconf 82' lang='lat' dir='ltr'><strong>inveniatur</strong></span> <span class='ocrx_word' id='word_1_136' title='bbox 618 1905 782 1992; x_wconf 77' lang='lat' dir='ltr'><strong>integrius.</strong></span> <span class='ocrx_word' id='word_1_137' title='bbox 831 1905 938 1987; x_wconf 79' lang='lat' dir='ltr'><strong>Quum</strong></span> <span class='ocrx_word' id='word_1_138' title='bbox 965 1907 1050 1971; x_wconf 90' lang='lat' dir='ltr'><strong>enim</strong></span> <span class='ocrx_word' id='word_1_139' title='bbox 1075 1929 1112 1972; x_wconf 87' lang='lat' dir='ltr'><strong>as</strong></span> <span class='ocrx_word' id='word_1_140' title='bbox 1138 1930 1211 1995; x_wconf 89' lang='lat' dir='ltr'><strong>per·</strong></span> 
     </span>
     <span class='ocr_line' id='line_1_18' title="bbox 124 2003 1215 2094; baseline 0.001 -24"><span class='ocrx_word' id='word_1_141' title='bbox 124 2004 295 2070; x_wconf 88' lang='lat' dir='ltr'><strong>multarum</strong></span> <span class='ocrx_word' id='word_1_142' title='bbox 316 2028 423 2070; x_wconf 89' lang='lat' dir='ltr'><strong>rerum</strong></span> <span class='ocrx_word' id='word_1_143' title='bbox 443 2006 580 2092; x_wconf 89' lang='lat' dir='ltr'><strong>pretium</strong></span> <span class='ocrx_word' id='word_1_144' title='bbox 600 2003 743 2087; x_wconf 86' lang='lat' dir='ltr'><strong>haberet,</strong></span> <span class='ocrx_word' id='word_1_145' title='bbox 762 2004 841 2091; x_wconf 88' lang='lat' dir='ltr'><strong>quid</strong></span> <span class='ocrx_word' id='word_1_146' title='bbox 861 2006 923 2070; x_wconf 83' lang='lat' dir='ltr'><strong>ista</strong></span> <span class='ocrx_word' id='word_1_147' title='bbox 944 2004 1084 2084; x_wconf 82' lang='lat' dir='ltr'><strong>definitio</strong></span> <span class='ocrx_word' id='word_1_148' title='bbox 1109 2007 1215 2094; x_wconf 62' lang='lat' dir='ltr'><strong>laqaa</strong></span> 
     </span>
     <span class='ocr_line' id='line_1_19' title="bbox 120 2101 1210 2191; baseline 0.005 -23"><span class='ocrx_word' id='word_1_149' title='bbox 120 2107 259 2191; x_wconf 72' lang='lat' dir='ltr'><strong>pretium</strong></span> <span class='ocrx_word' id='word_1_150' title='bbox 280 2105 343 2170; x_wconf 86' lang='lat' dir='ltr'><strong>sibi</strong></span> <span class='ocrx_word' id='word_1_151' title='bbox 363 2104 455 2189; x_wconf 87' lang='lat' dir='ltr'><strong>velit,</strong></span> <span class='ocrx_word' id='word_1_152' title='bbox 477 2104 564 2169; x_wconf 89' lang='lat' dir='ltr'><strong>haud</strong></span> <span class='ocrx_word' id='word_1_153' title='bbox 584 2104 679 2171; x_wconf 82' lang='lat' dir='ltr'><strong>facilc</strong></span> <span class='ocrx_word' id='word_1_154' title='bbox 706 2105 866 2191; x_wconf 80' lang='lat' dir='ltr'><strong>dispicias.</strong></span> <span class='ocrx_word' id='word_1_155' title='bbox 911 2104 996 2187; x_wconf 81' lang='lat' dir='ltr'><strong>Quin</strong></span> <span class='ocrx_word' id='word_1_156' title='bbox 1023 2101 1074 2189; x_wconf 78' lang='lat' dir='ltr'><strong>aa,</strong></span> <span class='ocrx_word' id='word_1_157' title='bbox 1106 2115 1210 2174; x_wconf 82' lang='lat' dir='ltr'><strong>certus</strong></span> 
     </span>
     <span class='ocr_line' id='line_1_20' title="bbox 124 2203 1210 2300; baseline 0.005 -31"><span class='ocrx_word' id='word_1_158' title='bbox 124 2203 178 2269; x_wconf 85' lang='lat' dir='ltr'><strong>illo</strong></span> <span class='ocrx_word' id='word_1_159' title='bbox 200 2203 389 2288; x_wconf 70' lang='lat' dir='ltr'><strong>nummuluS,</strong></span> <span class='ocrx_word' id='word_1_160' title='bbox 413 2205 541 2269; x_wconf 91' lang='lat' dir='ltr'><strong>omnino</strong></span> <span class='ocrx_word' id='word_1_161' title='bbox 561 2225 626 2268; x_wconf 93' lang='lat' dir='ltr'><strong>non</strong></span> <span class='ocrx_word' id='word_1_162' title='bbox 648 2204 846 2270; x_wconf 87' lang='lat' dir='ltr'><strong>definiendus</strong></span> <span class='ocrx_word' id='word_1_163' title='bbox 869 2214 945 2290; x_wconf 89' lang='lat' dir='ltr'><strong>erat,</strong></span> <span class='ocrx_word' id='word_1_164' title='bbox 967 2205 1025 2271; x_wconf 81' lang='lat' dir='ltr'><strong>sed</strong></span> <span class='ocrx_word' id='word_1_165' title='bbox 1040 2231 1093 2272; x_wconf 84' lang='lat' dir='ltr'><strong>aes</strong></span> <span class='ocrx_word' id='word_1_166' title='bbox 1102 2208 1210 2300; x_wconf 90' lang='lat' dir='ltr'><strong>potius</strong></span> 
     </span>
     <span class='ocr_line' id='line_1_21' title="bbox 124 2304 1212 2391; baseline 0.006 -24"><span class='ocrx_word' id='word_1_167' title='bbox 124 2314 254 2391; x_wconf 90' lang='lat' dir='ltr'><strong>propter</strong></span> <span class='ocrx_word' id='word_1_168' title='bbox 275 2327 429 2369; x_wconf 88' lang='lat' dir='ltr'><strong>summam</strong></span> <span class='ocrx_word' id='word_1_169' title='bbox 450 2325 580 2391; x_wconf 88' lang='lat' dir='ltr'><strong>prorsus</strong></span> <span class='ocrx_word' id='word_1_170' title='bbox 600 2305 766 2370; x_wconf 75' lang='lat' dir='ltr'><strong>inceitam.</strong></span> <span class='ocrx_word' id='word_1_171' title='bbox 796 2304 957 2386; x_wconf 79' lang='lat' dir='ltr'><strong>Quocirca</strong></span> <span class='ocrx_word' id='word_1_172' title='bbox 977 2307 1099 2374; x_wconf 83' lang='lat' dir='ltr'><strong>restitui</strong></span> <span class='ocrx_word' id='word_1_173' title='bbox 1116 2306 1212 2374; x_wconf 84' lang='lat' dir='ltr'><strong>debet</strong></span> 
     </span>
     <span class='ocr_line' id='line_1_22' title="bbox 100 2404 1211 2492; baseline 0.005 -24"><span class='ocrx_word' id='word_1_174' title='bbox 100 2410 178 2468; x_wconf 81' lang='lat' dir='ltr'><strong>&#39;aas</strong></span> <span class='ocrx_word' id='word_1_175' title='bbox 197 2405 304 2489; x_wconf 82' lang='lat' dir='ltr'><strong>laquei</strong></span> <span class='ocrx_word' id='word_1_176' title='bbox 312 2407 466 2492; x_wconf 71' lang='lat' dir='ltr'><strong>proteum,</strong></span> <span class='ocrx_word' id='word_1_177' title='bbox 493 2404 524 2469; x_wconf 92' lang='lat' dir='ltr'><strong>h.</strong></span> <span class='ocrx_word' id='word_1_178' title='bbox 549 2426 577 2469; x_wconf 89' lang='lat' dir='ltr'><strong>e.</strong></span> <span class='ocrx_word' id='word_1_179' title='bbox 605 2428 672 2488; x_wconf 82' lang='lat' dir='ltr'><strong>aes,</strong></span> <span class='ocrx_word' id='word_1_180' title='bbox 698 2406 810 2492; x_wconf 84' lang='lat' dir='ltr'><strong>quanti</strong></span> <span class='ocrx_word' id='word_1_181' title='bbox 834 2405 961 2491; x_wconf 83' lang='lat' dir='ltr'><strong>laqueus</strong></span> <span class='ocrx_word' id='word_1_182' title='bbox 986 2420 1115 2472; x_wconf 81' lang='lat' dir='ltr'><strong>coastat.</strong></span> <span class='ocrx_word' id='word_1_183' title='bbox 1157 2407 1211 2473; x_wconf 84' lang='lat' dir='ltr'><strong>Da</strong></span> 
     </span>
     <span class='ocr_line' id='line_1_23' title="bbox 126 2502 1302 2594; baseline 0.003 -25"><span class='ocrx_word' id='word_1_184' title='bbox 126 2503 307 2569; x_wconf 85' lang='lat' dir='ltr'><strong>definitione</strong></span> <span class='ocrx_word' id='word_1_185' title='bbox 329 2505 584 2592; x_wconf 72' lang='lat' dir='ltr'><strong>laqueipretzium</strong></span> <span class='ocrx_word' id='word_1_186' title='bbox 604 2502 722 2570; x_wconf 68' lang='lat' dir='ltr'><strong>adhssio</strong></span> <span class='ocrx_word' id='word_1_187' title='bbox 743 2504 835 2592; x_wconf 82' lang='lat' dir='ltr'><strong>Virg.</strong></span> <span class='ocrx_word' id='word_1_188' title='bbox 861 2505 945 2570; x_wconf 89' lang='lat' dir='ltr'><strong>Aen.</strong></span> <span class='ocrx_word' id='word_1_189' title='bbox 973 2505 1033 2591; x_wconf 90' lang='lat' dir='ltr'><strong>IX,</strong></span> <span class='ocrx_word' id='word_1_190' title='bbox 1061 2506 1133 2572; x_wconf 86' lang='grc'><strong>486.</strong></span> <span class='ocrx_word' id='word_1_191' title='bbox 1162 2530 1211 2594; x_wconf 91' lang='lat' dir='ltr'><strong>sq.</strong></span> <span class='ocrx_word' id='word_1_192' title='bbox 1299 2502 1302 2509; x_wconf 73' lang='grc'><strong>’</strong></span> 
     </span>
     <span class='ocr_line' id='line_1_24' title="bbox 124 2603 1211 2695; baseline 0.006 -27"><span class='ocrx_word' id='word_1_193' title='bbox 124 2628 181 2669; x_wconf 81' lang='lat' dir='ltr'><strong>aec</strong></span> <span class='ocrx_word' id='word_1_194' title='bbox 201 2617 230 2669; x_wconf 88' lang='lat' dir='ltr'><strong>te</strong></span> <span class='ocrx_word' id='word_1_195' title='bbox 251 2618 305 2669; x_wconf 84' lang='lat' dir='ltr'><strong>tua</strong></span> <span class='ocrx_word' id='word_1_196' title='bbox 321 2607 442 2694; x_wconf 79' lang='lat' dir='ltr'><strong>fanore</strong></span> <span class='ocrx_word' id='word_1_197' title='bbox 462 2619 560 2672; x_wconf 72' lang='lat' dir='ltr'><strong>stater</strong></span> <span class='ocrx_word' id='word_1_198' title='bbox 572 2605 728 2693; x_wconf 72' lang='lat' dir='ltr'><strong>producti.</strong></span> <span class='ocrx_word' id='word_1_199' title='bbox 773 2603 834 2670; x_wconf 86' lang='lat' dir='ltr'><strong>Ov.</strong></span> <span class='ocrx_word' id='word_1_200' title='bbox 856 2604 967 2670; x_wconf 86' lang='lat' dir='ltr'><strong>Amor.</strong></span> <span class='ocrx_word' id='word_1_201' title='bbox 989 2605 1050 2690; x_wconf 92' lang='grc' dir='ltr'><strong>ΙΠ,</strong></span> <span class='ocrx_word' id='word_1_202' title='bbox 1072 2607 1101 2690; x_wconf 88' lang='grc'><strong>9,</strong></span> <span class='ocrx_word' id='word_1_203' title='bbox 1116 2607 1146 2672; x_wconf 82' lang='lat'><strong>5.</strong></span> <span class='ocrx_word' id='word_1_204' title='bbox 1162 2629 1211 2695; x_wconf 88' lang='lat' dir='ltr'><strong>sq.</strong></span> 
     </span>
     <span class='ocr_line' id='line_1_25' title="bbox 124 2703 1212 2793; baseline 0.003 -24"><span class='ocrx_word' id='word_1_205' title='bbox 124 2703 184 2769; x_wconf 83' lang='lat' dir='ltr'><strong>Ille</strong></span> <span class='ocrx_word' id='word_1_206' title='bbox 206 2706 255 2769; x_wconf 67' lang='grc' dir='ltr'><strong>αα·</strong></span> <span class='ocrx_word' id='word_1_207' title='bbox 271 2720 358 2770; x_wconf 81' lang='lat' dir='ltr'><strong>uates</strong></span> <span class='ocrx_word' id='word_1_208' title='bbox 379 2707 490 2792; x_wconf 67' lang='grc' dir='ltr'><strong>αρανία,</strong></span> <span class='ocrx_word' id='word_1_209' title='bbox 512 2719 566 2772; x_wconf 87' lang='lat' dir='ltr'><strong>taa</strong></span> <span class='ocrx_word' id='word_1_210' title='bbox 581 2707 684 2793; x_wconf 77' lang='lat' dir='ltr'><strong><em>sama,</em></strong></span> <span class='ocrx_word' id='word_1_211' title='bbox 718 2705 857 2770; x_wconf 77' lang='lat' dir='ltr'><strong>ll‘ballas</strong></span> <span class='ocrx_word' id='word_1_212' title='bbox 882 2705 973 2770; x_wconf 82' lang='lat' dir='ltr'><strong>ardet</strong></span> <span class='ocrx_word' id='word_1_213' title='bbox 996 2707 1031 2771; x_wconf 79' lang='lat' dir='ltr'><strong>ia</strong></span> <span class='ocrx_word' id='word_1_214' title='bbox 1057 2719 1212 2773; x_wconf 78' lang='lat' dir='ltr'><strong>exstructo</strong></span> 
     </span>
     <span class='ocr_line' id='line_1_26' title="bbox 126 2803 1210 2893; baseline 0.005 -25"><span class='ocrx_word' id='word_1_215' title='bbox 126 2827 240 2890; x_wconf 79' lang='lat' dir='ltr'><strong>corpus</strong></span> <span class='ocrx_word' id='word_1_216' title='bbox 259 2804 352 2869; x_wconf 77' lang='lat' dir='ltr'><strong>inane</strong></span> <span class='ocrx_word' id='word_1_217' title='bbox 372 2828 464 2893; x_wconf 72' lang='lat' dir='ltr'><strong>rapo,</strong></span> <span class='ocrx_word' id='word_1_218' title='bbox 486 2826 623 2890; x_wconf 90' lang='lat' dir='ltr'><strong>quocum</strong></span> <span class='ocrx_word' id='word_1_219' title='bbox 643 2803 714 2869; x_wconf 89' lang='lat' dir='ltr'><strong>loco</strong></span> <span class='ocrx_word' id='word_1_220' title='bbox 736 2804 882 2869; x_wconf 87' lang='lat' dir='ltr'><strong>conferas</strong></span> <span class='ocrx_word' id='word_1_221' title='bbox 902 2803 1017 2890; x_wconf 84' lang='lat' dir='ltr'><strong>Epigr.</strong></span> <span class='ocrx_word' id='word_1_222' title='bbox 1039 2827 1092 2892; x_wconf 86' lang='lat' dir='ltr'><strong>ap.</strong></span> <span class='ocrx_word' id='word_1_223' title='bbox 1112 2805 1210 2874; x_wconf 90' lang='lat' dir='ltr'><strong>schol.</strong></span> 
     </span>
     <span class='ocr_line' id='line_1_27' title="bbox 125 2902 1212 2995; baseline 0.007 -29"><span class='ocrx_word' id='word_1_224' title='bbox 125 2902 168 2966; x_wconf 79' lang='lat' dir='ltr'><strong>ad</strong></span> <span class='ocrx_word' id='word_1_225' title='bbox 188 2902 348 2989; x_wconf 76' lang='lat' dir='ltr'><strong>Aristoph.</strong></span> <span class='ocrx_word' id='word_1_226' title='bbox 370 2903 450 2967; x_wconf 72' lang='lat' dir='ltr'><strong>Ran.</strong></span> <span class='ocrx_word' id='word_1_227' title='bbox 477 2903 565 2968; x_wconf 78' lang='lat'>1065·</span> <span class='ocrx_word' id='word_1_228' title='bbox 590 2915 742 2986; x_wconf 68' lang='lat' dir='ltr'><strong>Elpiluou</strong></span> <span class='ocrx_word' id='word_1_229' title='bbox 758 2919 840 2987; x_wconf 66' lang='lat' dir='ltr'><strong>pilos</strong></span> <span class='ocrx_word' id='word_1_230' title='bbox 857 2911 918 2970; x_wconf 66' lang='lat' dir='ltr'><strong>vltis</strong></span> <span class='ocrx_word' id='word_1_231' title='bbox 935 2919 990 2989; x_wconf 71' lang='grc' dir='ltr'><strong>ἔχει</strong></span> <span class='ocrx_word' id='word_1_232' title='bbox 1005 2913 1035 2970; x_wconf 76' lang='lat' dir='ltr'><strong>si</strong></span> <span class='ocrx_word' id='word_1_233' title='bbox 1052 2915 1212 2995; x_wconf 74' lang='grc' dir='ltr'><em>Φαληρικδν</em></span> 
     </span>
     <span class='ocr_line' id='line_1_28' title="bbox 126 3001 1213 3088; baseline 0.002 -18"><span class='ocrx_word' id='word_1_234' title='bbox 126 3009 215 3079; x_wconf 73' lang='grc' dir='ltr'><strong>οὖδας,</strong></span> <span class='ocrx_word' id='word_1_235' title='bbox 237 3020 380 3072; x_wconf 81' lang='grc' dir='ltr'><strong>Μουσαῖον</strong></span> <span class='ocrx_word' id='word_1_236' title='bbox 402 3020 545 3088; x_wconf 66' lang='grc' dir='ltr'><strong>φθίμενον</strong></span> <span class='ocrx_word' id='word_1_237' title='bbox 562 3014 632 3088; x_wconf 76' lang='grc' dir='ltr'><strong><em>σῶμ’</em></strong></span> <span class='ocrx_word' id='word_1_238' title='bbox 648 3012 703 3069; x_wconf 69' lang='lat' dir='ltr'><strong>iao*</strong></span> <span class='ocrx_word' id='word_1_239' title='bbox 719 3004 787 3088; x_wconf 48' lang='lat' dir='ltr'><strong>rssu‘s</strong></span> <span class='ocrx_word' id='word_1_240' title='bbox 804 3015 905 3086; x_wconf 62' lang='grc' dir='ltr'><strong>ια’φῳο</strong></span> <span class='ocrx_word' id='word_1_241' title='bbox 922 3001 1058 3088; x_wconf 61' lang='lat' dir='ltr'><strong>ligimus</strong></span> <span class='ocrx_word' id='word_1_242' title='bbox 1083 3004 1124 3069; x_wconf 83' lang='lat' dir='ltr'><strong>de</strong></span> <span class='ocrx_word' id='word_1_243' title='bbox 1150 3003 1213 3072; x_wconf 75' lang='lat' dir='ltr'><strong>hoo</strong></span> 
     </span>
     <span class='ocr_line' id='line_1_29' title="bbox 126 3099 1179 3190; baseline 0.004 -23"><span class='ocrx_word' id='word_1_244' title='bbox 126 3125 246 3190; x_wconf 82' lang='lat' dir='ltr'>genere</span> <span class='ocrx_word' id='word_1_245' title='bbox 267 3105 332 3168; x_wconf 89' lang='lat' dir='ltr'><strong>iam</strong></span> <span class='ocrx_word' id='word_1_246' title='bbox 354 3101 397 3167; x_wconf 83' lang='lat' dir='ltr'><strong>&#39;ad</strong></span> <span class='ocrx_word' id='word_1_247' title='bbox 417 3102 496 3166; x_wconf 80' lang='lat' dir='ltr'><strong>Eur.</strong></span> <span class='ocrx_word' id='word_1_248' title='bbox 517 3099 638 3166; x_wconf 90' lang='lat' dir='ltr'><strong>Phoen.</strong></span> <span class='ocrx_word' id='word_1_249' title='bbox 662 3101 752 3166; x_wconf 65' lang='lat'><strong>1211.</strong></span> <span class='ocrx_word' id='word_1_250' title='bbox 776 3111 807 3165; x_wconf 89' lang='lat' dir='ltr'><strong>et</strong></span> <span class='ocrx_word' id='word_1_251' title='bbox 827 3100 989 3189; x_wconf 80' lang='lat' dir='ltr'><strong>ad·‘S0ph.</strong></span> <span class='ocrx_word' id='word_1_252' title='bbox 1011 3101 1064 3171; x_wconf 81' lang='grc' dir='ltr'><strong>Αἱ.</strong></span> <span class='ocrx_word' id='word_1_253' title='bbox 1088 3104 1179 3171; x_wconf 86' lang='grc'><strong>1062.</strong></span> 
     </span>
    </p>
   </div>
   <div class='ocr_carea' id='block_1_5' title="bbox 51 3191 1213 3805">
    <p class='ocr_par' dir='ltr' id='par_1_7' title="bbox 51 3191 1110 3291">
     <span class='ocr_line' id='line_1_30' title="bbox 51 3191 1110 3285; baseline -0.002 -14"><span class='ocrx_word' id='word_1_254' title='bbox 51 3191 53 3195; x_wconf 29' lang='lat'>¹</span> <span class='ocrx_word' id='word_1_255' title='bbox 125 3219 157 3271; x_wconf 88' lang='lat' dir='ltr'><strong>V.</strong></span> <span class='ocrx_word' id='word_1_256' title='bbox 176 3221 232 3272; x_wconf 81' lang='lat'><strong>123.</strong></span> <span class='ocrx_word' id='word_1_257' title='bbox 332 3217 462 3270; x_wconf 86' lang='lat' dir='ltr'><strong>Posthac</strong></span> <span class='ocrx_word' id='word_1_258' title='bbox 478 3216 555 3268; x_wconf 85' lang='lat' dir='ltr'><strong>ludus</strong></span> <span class='ocrx_word' id='word_1_259' title='bbox 572 3223 628 3268; x_wconf 87' lang='lat' dir='ltr'><strong>crat</strong></span> <span class='ocrx_word' id='word_1_260' title='bbox 645 3216 740 3283; x_wconf 90' lang='lat' dir='ltr'><strong>culpa</strong></span> <span class='ocrx_word' id='word_1_261' title='bbox 756 3221 870 3283; x_wconf 80' lang='lat' dir='ltr'><strong>potare</strong></span> <span class='ocrx_word' id='word_1_262' title='bbox 886 3219 1011 3285; x_wconf 79' lang='lat' dir='ltr'><strong>magistra</strong></span> <span class='ocrx_word' id='word_1_263' title='bbox 1025 3249 1110 3263; x_wconf 87' lang='lat'><strong>--</strong></span> 
     </span>
    </p>

    <p class='ocr_par' dir='ltr' id='par_1_8' title="bbox 124 3316 1213 3805">
     <span class='ocr_line' id='line_1_31' title="bbox 209 3316 1212 3405; baseline 0.003 -23"><span class='ocrx_word' id='word_1_264' title='bbox 209 3318 390 3384; x_wconf 87' lang='lat' dir='ltr'><strong>Infinitivus</strong></span> <span class='ocrx_word' id='word_1_265' title='bbox 400 3330 512 3405; x_wconf 73' lang='lat' dir='ltr'><strong>potare</strong></span> <span class='ocrx_word' id='word_1_266' title='bbox 526 3316 597 3383; x_wconf 89' lang='lat' dir='ltr'><strong>loco</strong></span> <span class='ocrx_word' id='word_1_267' title='bbox 612 3317 748 3382; x_wconf 90' lang='lat' dir='ltr'><strong>nominis</strong></span> <span class='ocrx_word' id='word_1_268' title='bbox 770 3317 960 3384; x_wconf 78' lang='lat' dir='ltr'><strong>substantivi</strong></span> <span class='ocrx_word' id='word_1_269' title='bbox 977 3318 1127 3405; x_wconf 85' lang='lat' dir='ltr'><strong>fungitur,</strong></span> <span class='ocrx_word' id='word_1_270' title='bbox 1149 3319 1212 3385; x_wconf 88' lang='lat' dir='ltr'><strong>sic·</strong></span> 
     </span>
     <span class='ocr_line' id='line_1_32' title="bbox 124 3416 1211 3505; baseline 0.005 -24"><span class='ocrx_word' id='word_1_271' title='bbox 124 3425 160 3481; x_wconf 90' lang='lat' dir='ltr'><strong>ut</strong></span> <span class='ocrx_word' id='word_1_272' title='bbox 181 3416 288 3483; x_wconf 70' lang='lat' dir='ltr'><strong>Caum.</strong></span> <span class='ocrx_word' id='word_1_273' title='bbox 309 3419 371 3503; x_wconf 90' lang='lat' dir='ltr'><strong>III,</strong></span> <span class='ocrx_word' id='word_1_274' title='bbox 392 3418 443 3501; x_wconf 87' lang='grc'><strong>24,</strong></span> <span class='ocrx_word' id='word_1_275' title='bbox 464 3418 515 3482; x_wconf 87' lang='grc'><strong>24.</strong></span> <span class='ocrx_word' id='word_1_276' title='bbox 539 3441 673 3504; x_wconf 84' lang='lat' dir='ltr'><strong>peccare</strong></span> <span class='ocrx_word' id='word_1_277' title='bbox 699 3419 793 3505; x_wconf 82' lang='lat' dir='ltr'><strong>nefas</strong></span> <span class='ocrx_word' id='word_1_278' title='bbox 820 3431 874 3484; x_wconf 88' lang='lat' dir='ltr'><strong>aat</strong></span> <span class='ocrx_word' id='word_1_279' title='bbox 898 3420 1033 3504; x_wconf 69' lang='lat' dir='ltr'><strong>proteum</strong></span> <span class='ocrx_word' id='word_1_280' title='bbox 1054 3431 1099 3484; x_wconf 85' lang='lat' dir='ltr'><strong>est</strong></span> <span class='ocrx_word' id='word_1_281' title='bbox 1119 3420 1211 3486; x_wconf 77' lang='lat' dir='ltr'><strong>mon&#39;.</strong></span> 
     </span>
     <span class='ocr_line' id='line_1_33' title="bbox 126 3513 1213 3606; baseline 0.005 -26"><span class='ocrx_word' id='word_1_282' title='bbox 126 3517 294 3602; x_wconf 80' lang='lat' dir='ltr'><strong>Significat</strong></span> <span class='ocrx_word' id='word_1_283' title='bbox 315 3540 393 3606; x_wconf 85' lang='lat' dir='ltr'><strong>argo</strong></span> <span class='ocrx_word' id='word_1_284' title='bbox 421 3517 513 3605; x_wconf 69' lang='grc' dir='ltr'><strong>ααίρα</strong></span> <span class='ocrx_word' id='word_1_285' title='bbox 534 3513 646 3603; x_wconf 77' lang='lat' dir='ltr'><strong>potare</strong></span> <span class='ocrx_word' id='word_1_286' title='bbox 672 3520 826 3605; x_wconf 70' lang='lat' dir='ltr'><strong>maptstra</strong></span> <span class='ocrx_word' id='word_1_287' title='bbox 850 3516 929 3582; x_wconf 91' lang='lat' dir='ltr'><strong>nihil</strong></span> <span class='ocrx_word' id='word_1_288' title='bbox 954 3517 1089 3606; x_wconf 89' lang='lat' dir='ltr'><strong>amplius</strong></span> <span class='ocrx_word' id='word_1_289' title='bbox 1116 3540 1213 3604; x_wconf 90' lang='lat' dir='ltr'><strong>quam</strong></span> 
     </span>
     <span class='ocr_line' id='line_1_34' title="bbox 125 3616 1213 3706; baseline 0.005 -25"><span class='ocrx_word' id='word_1_290' title='bbox 125 3618 183 3681; x_wconf 82' lang='lat' dir='ltr'><strong>abi</strong></span> <span class='ocrx_word' id='word_1_291' title='bbox 193 3621 345 3706; x_wconf 75' lang='lat' dir='ltr'><strong>mapistra</strong></span> <span class='ocrx_word' id='word_1_292' title='bbox 356 3631 423 3683; x_wconf 82' lang='lat' dir='ltr'><strong>erat</strong></span> <span class='ocrx_word' id='word_1_293' title='bbox 428 3619 554 3704; x_wconf 82' lang='lat' dir='ltr'><strong>potatio</strong></span> <span class='ocrx_word' id='word_1_294' title='bbox 569 3618 668 3704; x_wconf 80' lang='lat' dir='ltr'><strong>calpa,</strong></span> <span class='ocrx_word' id='word_1_295' title='bbox 684 3617 769 3703; x_wconf 89' lang='lat' dir='ltr'><strong>quod</strong></span> <span class='ocrx_word' id='word_1_296' title='bbox 783 3618 996 3704; x_wconf 81' lang='lat' dir='ltr'><strong>parsimoniae</strong></span> <span class='ocrx_word' id='word_1_297' title='bbox 1009 3616 1105 3684; x_wconf 85' lang='lat' dir='ltr'><strong>Ofelli</strong></span> <span class='ocrx_word' id='word_1_298' title='bbox 1118 3620 1213 3686; x_wconf 85' lang='lat' dir='ltr'><strong>unica</strong></span> 
     </span>
     <span class='ocr_line' id='line_1_35' title="bbox 128 3716 1027 3805; baseline 0.001 -24"><span class='ocrx_word' id='word_1_299' title='bbox 128 3718 284 3803; x_wconf 86' lang='lat' dir='ltr'><strong>congruit.</strong></span> <span class='ocrx_word' id='word_1_300' title='bbox 317 3716 518 3805; x_wconf 77' lang='lat' dir='ltr'><strong>‚Oxymoron</strong></span> <span class='ocrx_word' id='word_1_301' title='bbox 539 3718 703 3805; x_wconf 87' lang='lat' dir='ltr'><strong>attigimus</strong></span> <span class='ocrx_word' id='word_1_302' title='bbox 724 3718 767 3782; x_wconf 90' lang='lat' dir='ltr'><strong>ad</strong></span> <span class='ocrx_word' id='word_1_303' title='bbox 788 3717 855 3783; x_wconf 82' lang='lat' dir='ltr'><strong>Sat.</strong></span> <span class='ocrx_word' id='word_1_304' title='bbox 877 3718 905 3801; x_wconf 84' lang='grc' dir='ltr'><strong>Ι,</strong></span> <span class='ocrx_word' id='word_1_305' title='bbox 926 3717 955 3801; x_wconf 86' lang='grc'><strong>3,</strong></span> <span class='ocrx_word' id='word_1_306' title='bbox 976 3717 1027 3782; x_wconf 80' lang='grc'><strong>25.</strong></span> 
     </span>
    </p>
   </div>
   <div class='ocr_carea' id='block_1_6' title="bbox 124 3836 1098 4167">
    <p class='ocr_par' dir='ltr' id='par_1_9' title="bbox 124 3836 1098 4167">
     <span class='ocr_line' id='line_1_36' title="bbox 124 3836 1098 3918; baseline -0.004 -14"><span class='ocrx_word' id='word_1_307' title='bbox 124 3851 156 3904; x_wconf 85' lang='lat' dir='ltr'><strong>V.</strong></span> <span class='ocrx_word' id='word_1_308' title='bbox 175 3853 230 3904; x_wconf 82' lang='lat'><strong>127.</strong></span> <span class='ocrx_word' id='word_1_309' title='bbox 248 3868 304 3918; x_wconf 86' lang='lat' dir='ltr'><strong>sqq.</strong></span> <span class='ocrx_word' id='word_1_310' title='bbox 541 3837 646 3913; x_wconf 78' lang='lat' dir='ltr'><strong>Quanto</strong></span> <span class='ocrx_word' id='word_1_311' title='bbox 664 3856 711 3903; x_wconf 86' lang='lat' dir='ltr'><strong>aut</strong></span> <span class='ocrx_word' id='word_1_312' title='bbox 727 3866 775 3918; x_wconf 80' lang='lat' dir='ltr'><strong>ego</strong></span> <span class='ocrx_word' id='word_1_313' title='bbox 793 3852 897 3917; x_wconf 84' lang='lat' dir='ltr'><strong>parcius</strong></span> <span class='ocrx_word' id='word_1_314' title='bbox 914 3836 965 3900; x_wconf 73' lang='lat' dir='ltr'><strong>aut</strong></span> <span class='ocrx_word' id='word_1_315' title='bbox 975 3865 1032 3914; x_wconf 80' lang='lat' dir='ltr'><strong>vos,</strong></span> <span class='ocrx_word' id='word_1_316' title='bbox 1096 3913 1098 3916; x_wconf 8' lang='grc' dir='ltr'><em>Α</em></span> 
     </span>
     <span class='ocr_line' id='line_1_37' title="bbox 324 3932 1007 4000; baseline -0.004 -15"><span class='ocrx_word' id='word_1_317' title='bbox 324 3935 348 3985; x_wconf 93' lang='grc' dir='ltr'><strong>Ο</strong></span> <span class='ocrx_word' id='word_1_318' title='bbox 364 3933 447 4000; x_wconf 85' lang='lat' dir='ltr'><strong>pueri,</strong></span> <span class='ocrx_word' id='word_1_319' title='bbox 464 3933 585 3996; x_wconf 86' lang='lat' dir='ltr'><strong>nituistis,</strong></span> <span class='ocrx_word' id='word_1_320' title='bbox 602 3939 632 3985; x_wconf 89' lang='lat' dir='ltr'><strong>ut</strong></span> <span class='ocrx_word' id='word_1_321' title='bbox 647 3935 698 3985; x_wconf 92' lang='lat' dir='ltr'><strong>huc</strong></span> <span class='ocrx_word' id='word_1_322' title='bbox 714 3949 798 3985; x_wconf 85' lang='lat' dir='ltr'><strong>novus</strong></span> <span class='ocrx_word' id='word_1_323' title='bbox 815 3933 902 3984; x_wconf 87' lang='lat' dir='ltr'><strong>incola</strong></span> <span class='ocrx_word' id='word_1_324' title='bbox 917 3932 1007 3983; x_wconf 76' lang='lat' dir='ltr'><strong>venit?</strong></span> 
     </span>
     <span class='ocr_line' id='line_1_38' title="bbox 322 4015 1060 4082; baseline 0 -14"><span class='ocrx_word' id='word_1_325' title='bbox 322 4018 390 4068; x_wconf 88' lang='lat' dir='ltr'><strong>Nam</strong></span> <span class='ocrx_word' id='word_1_326' title='bbox 406 4019 536 4082; x_wconf 84' lang='lat' dir='ltr'><strong>propria</strong></span> <span class='ocrx_word' id='word_1_327' title='bbox 552 4016 651 4068; x_wconf 85' lang='lat' dir='ltr'><strong>telluris</strong></span> <span class='ocrx_word' id='word_1_328' title='bbox 668 4018 759 4068; x_wconf 81' lang='lat' dir='ltr'><strong>herum</strong></span> <span class='ocrx_word' id='word_1_329' title='bbox 774 4021 869 4067; x_wconf 79' lang='lat' dir='ltr'><strong>natura</strong></span> <span class='ocrx_word' id='word_1_330' title='bbox 885 4030 970 4082; x_wconf 84' lang='lat' dir='ltr'><strong>usqua</strong></span> <span class='ocrx_word' id='word_1_331' title='bbox 985 4015 1060 4068; x_wconf 84' lang='lat' dir='ltr'><strong>illum</strong></span> 
     </span>
     <span class='ocr_line' id='line_1_39' title="bbox 323 4100 879 4167; baseline -0.002 -16"><span class='ocrx_word' id='word_1_332' title='bbox 323 4101 378 4151; x_wconf 86' lang='lat' dir='ltr'><strong>Neo</strong></span> <span class='ocrx_word' id='word_1_333' title='bbox 394 4115 436 4151; x_wconf 83' lang='lat' dir='ltr'><strong>ma</strong></span> <span class='ocrx_word' id='word_1_334' title='bbox 452 4115 501 4150; x_wconf 86' lang='lat' dir='ltr'><strong>nea</strong></span> <span class='ocrx_word' id='word_1_335' title='bbox 518 4115 674 4167; x_wconf 85' lang='lat' dir='ltr'><strong>quemquam</strong></span> <span class='ocrx_word' id='word_1_336' title='bbox 690 4100 781 4150; x_wconf 80' lang='lat' dir='ltr'><strong>statuit</strong></span> <span class='ocrx_word' id='word_1_337' title='bbox 796 4131 879 4143; x_wconf 90' lang='lat'><strong>--</strong></span> 
     </span>
    </p>
   </div>
   <div class='ocr_carea' id='block_1_7' title="bbox 209 4197 1214 4292">
    <p class='ocr_par' dir='ltr' id='par_1_10' title="bbox 209 4197 1214 4292">
     <span class='ocr_line' id='line_1_40' title="bbox 209 4197 1214 4292; baseline 0.001 -27"><span class='ocrx_word' id='word_1_338' title='bbox 209 4201 423 4289; x_wconf 80' lang='lat' dir='ltr'><strong>Peruagatam</strong></span> <span class='ocrx_word' id='word_1_339' title='bbox 438 4199 588 4265; x_wconf 89' lang='lat' dir='ltr'><strong>Horatius</strong></span> <span class='ocrx_word' id='word_1_340' title='bbox 609 4199 744 4266; x_wconf 86' lang='lat' dir='ltr'><strong>recoluit</strong></span> <span class='ocrx_word' id='word_1_341' title='bbox 764 4199 963 4292; x_wconf 82' lang='lat' dir='ltr'><strong>sententiam,</strong></span> <span class='ocrx_word' id='word_1_342' title='bbox 983 4219 1042 4264; x_wconf 85' lang='lat' dir='ltr'><strong>nos</strong></span> <span class='ocrx_word' id='word_1_343' title='bbox 1055 4197 1135 4265; x_wconf 91' lang='lat' dir='ltr'><strong>nihil</strong></span> <span class='ocrx_word' id='word_1_344' title='bbox 1155 4221 1214 4266; x_wconf 73' lang='lat' dir='ltr'><strong>tau</strong></span> 
     </span>
    </p>
   </div>
   <div class='ocr_carea' id='block_1_8' title="bbox 0 0 1349 4642">
    <p class='ocr_par' dir='ltr' id='par_1_11' title="bbox 0 0 1349 4642">
     <span class='ocr_line' id='line_1_41' title="bbox 0 0 1349 4642; baseline 0 0"><span class='ocrx_word' id='word_1_345' title='bbox 0 0 1349 4642; x_wconf 95' lang='lat' dir='ltr'><strong> </strong></span> 
     </span>
    </p>
   </div>
  </div>
 </body>
</html>
