2678 4642
123 231 165 298 58
550 246 784 297 coumornunn

124 425 197 497 tarn,
219 411 283 480 alia
301 434 368 479 non
390 413 517 478 adiecta
537 421 618 497 sunt,
639 412 787 479 librarios
809 422 841 479 et
861 414 988 480 criticos
1011 414 1108 498 (inter
1134 438 1216 502 quos

125 513 221 579 otiam
241 512 423 578 Bentleium
444 510 487 577 ad
505 511 610 598 Epist.
624 511 709 596 11‚2‚
725 514 775 578 87.
791 536 839 601 sq.
871 514 987 578 Frater
1007 527 1075 579 erat
1094 515 1216 581 Rornae

124 614 258 680 eonstdei
276 615 388 693 rhetor,
409 624 444 675 ιι1
462 611 541 675 aler
559 610 687 675 anemae
700 637 836 678 sermone
848 637 949 678 rneros
973 614 1097 678 andr'ret
1121 616 1216 680 hono

123 737 183 795 res,
197 713 219 776 i.
231 735 260 777 e.
276 713 464 799 tdesfiater
477 723 553 791 erat,
564 733 599 775 so
613 711 794 777 verbrndert
806 736 872 778 war
885 714 919 776 in
928 713 1010 777 Rern
1024 714 1074 778 ein
1086 713 1217 779 Redner

121 813 178 876 rnr‘t
208 814 306 876 ernam
331 810 610 896 Beeleteqelrlnrten,
644 809 718 874 dass
749 812 834 876 erner
863 833 934 876 eom
960 811 1081 877 andern
1107 814 1210 878 lanta

127 911 341 997 Oernplr'raente
361 911 455 974 laerte.
489 907 556 974 On.
572 907 665 974 Caes.
680 909 719 974 B.
733 908 770 975 Ο.
787 911 856 974 110.
888 911 992 975 Erant
1007 935 1076 976 eum
1085 913 1214 978 Achilla

123 1013 242 1096 cepnae,
270 1023 304 1074 nt
328 1032 422 1093 neque
448 1031 574 1072 numero
600 1031 696 1094 neqne
720 1032 830 1095 qenere
857 1010 1013 1075 omninum
1039 1034 1135 1096 neqne
1155 1036 1217 1076 nne

121 1111 173 1173 rei
193 1110 341 1174 militares
361 1106 594 1172 contemnendae
615 1107 804 1173 n'derenar:
843 1107 924 1173 Hor.
947 1108 1015 1174 Sat.
1037 1110 1087 1192 ΙΙ,
1109 1111 1139 1193 3,
1161 1111 1215 1176 53.

123 1230 193 1294 sqq.
228 1208 288 1273 Est
306 1231 404 1296 penno
423 1230 517 1271 naam
537 1206 685 1271 stnltnr‘ae
700 1244 798 1254 --
811 1220 846 1271 nt
865 1209 969 1294 syrtes,
990 1221 1025 1272 nt
1044 1233 1138 1294 rupes
1148 1210 1216 1296 flue

121 1310 246 1392 nr‘osqne
271 1309 306 1372 n’n
332 1330 438 1392 eampo
467 1306 588 1372 obstare
614 1320 770 1396 queratur.
813 1305 917 1393 Epist.
944 1307 976 1392 Ι,
1007 1309 1062 1391 16,
1092 1309 1141 1372 12.
1165 1330 1214 1394 sq.

120 1407 209 1472 Fons
228 1442 327 1453 —-·
346 1419 381 1470 nt
410 1429 466 1472 nee
487 1405 650 1493 frnpr‘de'or
682 1406 837 1475 lleraearn
867 1429 924 1471 nee
946 1409 1064 1492 parrer
1095 1408 1215 1472 ambiat

121 1504 255 1588 Hebros)
284 1502 395 1569 erebro
422 1505 490 1592 egit
514 1515 729 1588 transversos,
757 1527 821 1594 qua
847 1505 888 1571 de
913 1527 949 1570 re
975 1515 1104 1592 praeter
1132 1507 1214 1579 alios

122 1605 271 1671 disseruit
292 1602 538 1691 Oudendorpius
560 1604 603 1674 ad
624 1604 719 1670 Caes.
741 1605 780 1669 Β.
802 1604 843 1669 G.
865 1604 927 1689 ΠΙ,
950 1605 999 1669 14.
1042 1605 1138 1672 Unde
1159 1605 1214 1671 hie

123 1702 373 1790 quoquosala
394 1706 500 1790 capiat
521 1705 649 1788 exstltit,
672 1725 755 1790 quae
777 1704 965 1769 sententiam
985 1704 1124 1770 reddens
1145 1729 1213 1770 am-

121 1803 264 1889 biguam,
284 1811 319 1869 ut
331 1803 469 1868 Barrum
490 1804 585 1875 etiam
607 1803 749 1890 eorporis
769 1801 881 1868 morbo
904 1812 1091 1889 aegrotasse
1109 1806 1212 1893 suspi-

122 1903 190 1970 oari
209 1903 321 1990 possis,
341 1912 431 1968 reete
452 1901 587 1990 explosa
608 1911 665 1970 est.

121 2036 152 2088 V.
170 2037 210 2089 45.
227 2051 283 2106 sqq.
316 2035 393 2085 Nune
409 2035 444 2084 sd
459 2050 501 2085 me
516 2035 594 2091 redeo
610 2035 731 2089 libertino
748 2038 822 2099 patre
838 2037 937 2097 nalum,

318 2119 402 2179 Quem
417 2117 512 2167 rodunt
528 2133 617 2171 omnes
633 2117 753 2168 libertino
770 2121 844 2182 patre
860 2122 959 2180 natum,

319 2199 403 2262 Nune,
419 2200 482 2265 quia
498 2215 562 2251 sum
578 2201 633 2264 nbi,
650 2201 798 2262 Maecenas,
815 2200 959 2263 convictam
976 2205 1004 2252 at
1020 2199 1091 2265 olim,
1212 2220 1216 2235 ·

320 2281 398 2344 Quod
413 2282 477 2332 mihi
492 2288 594 2348 pareret
609 2283 678 2350 legio
695 2283 814 2333 Romana
830 2282 943 2333 tribuno.
1008 2319 1010 2323 -

205 2397 354 2491 Plerique
375 2395 471 2463 MSS.
489 2420 521 2461 v.
536 2397 588 2468 47.
602 2398 662 2466 erin
675 2406 810 2481 tuentur,
831 2419 936 2483 neque
951 2398 1089 2484 suppetit
1104 2419 1213 2482 eausa,

123 2521 180 2565 eur
200 2506 306 2585 spreta
326 2497 447 2561 maiore
469 2494 551 2561 cdd.
576 2497 761 2563 auctoritate
782 2488 1000 2580 indicativum,
1022 2498 1076 2583 qui
1092 2506 1211 2562 eetero-

122 2599 178 2686 qui
197 2596 323 2663 facilius
345 2618 442 2682 quam
464 2596 682 2665 coniunctivus
703 2597 838 2683 supponi
855 2604 986 2683 poterat,
1009 2597 1212 2662 coniunctivo

121 2699 351 2786 praeferamus.
388 2695 602 2766 Levissimum
623 2703 710 2760 aeine
730 2696 824 2761 nobis
845 2694 979 2779 videtur,
1002 2695 1086 2780 quod
1109 2696 1213 2761 critici

121 2822 189 2863 sane
210 2796 371 2861 defensuri
391 2795 434 2860 ab
456 2794 589 2860 diversis
606 2794 769 2882 particulis
783 2797 858 2880 qnia
873 2803 905 2860 et
919 2794 1003 2880 qnod
1014 2795 1212 2880 praesidium

121 2905 245 2984 petunt,
271 2904 435 2983 tamquam
463 2895 681 2959 eoniunetivus
707 2903 780 2980 post
805 2896 880 2980 qnia
904 2894 1009 2958 minus
1030 2893 1150 2981 probus
1172 2896 1213 2959 sit

122 3020 218 3084 quam
244 3004 315 3083 post
335 2994 426 3082 qnod.
469 2994 535 3060 Ofr.
558 2993 624 3059 Sat.
645 2994 697 3078 Π,
724 2995 760 3077 2,
788 2993 839 3058 25.
865 3014 912 3079 sq.
935 3007 1101 3079 corruptus
1121 2995 1212 3059 oanis

120 3121 234 3178 rernm,
256 3097 330 3182 qnia
350 3107 456 3160 veneat
476 3117 553 3159 earo
574 3118 652 3158 rara
666 3095 734 3159 avis
748 3107 776 3158 et
789 3094 881 3179 pieta
898 3092 1022 3179 pandat
1035 3094 1212 3178 spectanda

123 3196 234 3261 cauda.
267 3194 336 3259 Cic.
358 3195 429 3259 Fin.
451 3194 478 3276 I,
501 3195 550 3258 10.
585 3194 684 3258 Nemo
706 3194 785 3256 enim
805 3193 906 3278 ᾑιιιιιιι
920 3193 1114 3277 voluptatem,
1136 3194 1212 3278 quia

121 3295 263 3382 voluptas
288 3295 344 3374 eit,
372 3306 555 3380 aspernator
575 3306 630 3358 ant
651 3292 717 3358 odit
737 3304 791 3355 ant
801 3293 910 3377 sapit,
937 3291 994 3355 sed
1013 3293 1088 3376 qnia
1109 3316 1211 3370 norwe-

122 3407 257 3481 qnnntnr
286 3394 394 3479 rnayni
423 3393 544 3457 doleres
574 3415 640 3473 eos,
673 3392 730 3476 qni
756 3392 878 3455 ratione
908 3391 1094 3475 voluptatem
1125 3392 1215 3478 sequi

121 3495 268 3558 nesciunt.
317 3492 425 3578 Neque
448 3514 548 3578 porro
574 3492 736 3577 qnisquam
763 3502 822 3572 est,
855 3490 912 3575 qni
936 3489 1071 3555 dolorem
1096 3491 1209 3578 apsaro,

123 3595 197 3681 qnia
218 3591 307 3657 dolor
327 3593 376 3673 eit,
399 3603 486 3672 arnet,
509 3603 702 3672 annectatur,
725 3589 957 3674 adnunciate,
979 3588 1036 3653 sed
1047 3591 1123 3675 qnia
1136 3615 1211 3656 non·

121 3716 287 3778 nunqnam
315 3688 469 3756 eiusmodi
496 3703 633 3775 tempora
662 3688 819 3771 sincidunt,
850 3701 885 3752 ιι1
915 3688 1019 3753 labore
1050 3702 1079 3752 et
1106 3688 1210 3755 dolere

121 3816 267 3879 mopnann
295 3791 432 3878 aliquane
457 3801 587 3873 quaerat
611 3789 802 3874 uoluptatem.
844 3785 941 3870 11,'8.
962 3811 1019 3852 nee
1039 3789 1090 3852 ille
1110 3824 1209 3834 —--

122 3893 250 3958 Laelius
278 3915 312 3956 eo
341 3890 443 3954 dicens
470 3901 515 3952 eet
542 3886 688 3975 Sapiens,
716 3886 800 3972 qaod
824 3909 887 3951 non
900 3887 1107 3973 ἢιἰιειῖἶίῃιιιι,
1133 3884 1212 3973 qnid

121 3992 339 4059 suavissimam
359 4000 436 4055 esset
454 4025 553 4035 —-
573 3987 630 4052 sed
648 3987 723 4071 qaia
736 3987 839 4073 parvi
855 3985 893 4050 id
913 3986 1046 4071 duceret.

121 4125 153 4179 V.
170 4127 211 4179 49.
228 4139 284 4195 sqq.
316 4121 449 4174 Dissimile
465 4120 516 4172 hoo
530 4120 570 4170 illi
585 4124 632 4183 est,
649 4119 711 4185 quia
726 4135 787 4182 non,
803 4123 838 4168 nl
853 4110 949 4168 forsit
963 4117 1111 4169 honorem

317 4205 378 4258 Iure
392 4205 456 4256 mihi
470 4204 587 4257 invideat
603 4203 696 4270 quivis,
711 4203 750 4254 ita
764 4207 792 4253 te
808 4197 1048 4269 quoquo‘amieum²
