2678 4642
395 220 431 269 m
451 219 642 269 ssrmmcu
661 220 789 269 nmucu
809 221 942 271 enmcn
1168 205 1210 271 63

121 406 244 451 omnem
265 391 298 449 et
319 383 501 472 exemplum
522 384 754 451 arithmeticum
775 385 917 451 concedo
930 407 995 450 non
1008 385 1124 452 librum
1138 409 1209 452 esse

124 482 370 562 arithmeticum,
392 484 450 549 sed
471 484 548 570 quid
570 483 646 549 illud
667 485 848 572 exemplum
873 485 995 551 indicet
1018 487 1081 552 nisi
1108 495 1210 552 ortem

121 581 381 649 arithmeticam?
417 584 484 650 cfr.
507 584 549 648 nd
570 583 637 649 Sat.
652 583 679 669 I,
696 585 744 669 10,
758 585 810 649 48.

106 728 154 791 ‚V.
171 732 212 785 78.
230 747 287 799 sqq.
717 733 820 784 Vestem
838 747 978 798 servosque
995 739 1133 800 sequentes

322 814 360 865 In
376 830 490 882 magno
507 819 541 865 ut
556 813 672 880 populo
690 814 712 865 si
729 816 774 881 qui
789 815 904 878 vidisset,
921 816 993 866 avita

320 897 362 948 Ex
378 914 406 948 re
423 899 542 964 praeberi
559 904 659 949 sumtus
675 898 738 948 mihi
754 898 869 949 crederet
884 897 951 949 illos.

207 1010 251 1077 In
270 1035 381 1100 mapno
402 1025 437 1077 ot
463 1013 579 1099 populo
607 1011 770 1078 Bentleius
801 1015 835 1077 in
867 1013 1055 1078 sententiam
1085 1013 1210 1100 redegit

123 1109 360 1194 intermediam,
375 1111 633 1198 interpretatione
647 1112 779 1178 arbitrio
793 1111 919 1177 lectoris
933 1114 1098 1199 permisso.
1127 1113 1209 1180 Ges-

122 1231 223 1274 nerus
246 1208 288 1275 ab
309 1209 444 1275 Horatio
466 1210 651 1297 simpliciter
678 1212 873 1276 enuntiatum
901 1212 1066 1278 censebat:
1093 1214 1129 1278 in
1147 1237 1210 1300 pu-

120 1309 211 1391 blico,
232 1310 267 1374 tic
287 1333 409 1396 mayoc,
431 1311 532 1394 quates
552 1310 671 1375 Romae
692 1335 756 1375 esse
777 1312 866 1394 solet,
889 1313 981 1376 turba
1001 1312 1157 1377 hommum
1177 1337 1210 1379 oe

120 1421 225 1474 tamen
245 1410 444 1493 conspicuum
455 1411 573 1495 futore.
603 1409 808 1474 Heindorfius
830 1411 1006 1475 enarravit:
1027 1413 1061 1476 in
1081 1434 1115 1474 oo
1127 1412 1210 1499 fero

121 1506 193 1597 dces
212 1507 248 1572 in
269 1506 339 1571 dem
356 1531 485 1594 pronoen
512 1507 605 1572 Volke
634 1510 766 1596 subplici
791 1511 841 1574 ist.
887 1508 1025 1574 Orellius
1052 1510 1145 1574 eruit:
1175 1523 1210 1575 ct

123 1608 161 1673 in
180 1630 294 1694 mapoo
309 1606 436 1692 popule,
458 1608 493 1671 iu
512 1631 628 1694 mcpna
647 1608 721 1672 urbe
732 1609 814 1694 fieri
824 1609 899 1673 colet
912 1621 941 1672 et
955 1609 1047 1691 decet,
1070 1632 1114 1674 sc.
1129 1623 1210 1674 ceste

47 1775 50 1781 ,
123 1704 241 1770 decora
260 1707 311 1769 nti
329 1718 358 1769 et
374 1705 563 1794 pedeieqm's,
585 1704 665 1770 elios
688 1707 873 1772 existimans
887 1708 991 1772 minus
1006 1709 1149 1794 apposite
1164 1710 1210 1775 ita

122 1805 357 1871 construxisse:
378 1817 413 1869 et
432 1806 466 1869 si
482 1807 540 1892 qui
556 1807 590 1870 in
611 1830 722 1893 mapno
736 1807 866 1892 popolo,
888 1807 921 1870 in
939 1806 1102 1870 hominum
1115 1808 1210 1874 turba

122 1913 220 1990 atque
243 1924 408 1988 concursu,
431 1903 548 1968 cultum
568 1926 676 1968 meum
695 1904 832 1969 vidisset.
868 1904 935 1969 Nos
956 1905 1075 1970 nullam
1095 1905 1208 1972 harum

121 2002 372 2090 explicationem
392 2003 628 2090 amplectentes,
650 2025 755 2088 neque
776 2003 884 2068 verbis
899 2013 1015 2091 poetae
1037 2005 1209 2093 quidquam

122 2109 346 2188 suggerentem
367 2103 403 2166 in
423 2127 534 2191 mayoc
554 2115 588 2166 ut
600 2104 721 2189 populo
741 2124 843 2188 aeque
869 2111 963 2189 atque
988 2117 1022 2168 ct
1040 2105 1209 2190 plurimum

121 2224 166 2266 ex
186 2200 329 2265 formulis
350 2199 411 2265 illis
434 2201 568 2267 Graecis
584 2214 623 2273 stc
644 2215 745 2283 πλήθει
765 2211 796 2266 et
817 2213 854 2272 ὥς
868 2217 913 2270 ἐπὶ
930 2210 959 2270 το*
982 2216 1209 2284 niteremini
1324 2262 1326 2267 .

120 2312 196 2370 nott
216 2299 270 2365 vel
286 2310 384 2372 virtut
402 2309 430 2368 τὰ
448 2312 518 2368 πολύ
534 2300 665 2365 fluxisse
688 2302 878 2366 arbitramur
895 2313 925 2366 et
939 2305 1125 2389 simpliciter
1138 2327 1208 2369 ver-

121 2401 217 2465 timus
236 2401 419 2488 qemeinht‘n,
435 2407 501 2487 fiir
518 2401 715 2489 pew‘o'hntiei.
743 2398 809 2465 Ofr.
826 2400 917 2488 Virg.
933 2401 1017 2467 Aen.
1034 2403 1061 2488 I,
1078 2403 1147 2469 148.
1160 2424 1208 2490 sq.

121 2496 172 2564 Ac
197 2499 294 2564 veluti
315 2523 426 2586 mopno
454 2501 489 2564 in
511 2500 627 2586 populo
653 2524 745 2585 quum
772 2525 863 2587 saepe
891 2515 997 2567 coorta
1021 2516 1066 2567 est
1085 2502 1207 2569 seditio.

121 2596 269 2685 Thucyd.
294 2596 322 2683 Ῑ,
348 2598 397 2662 12.
422 2613 470 2666 καὶ
486 2612 591 2671 στάσεις
607 2616 638 2668 ἐν
654 2617 711 2670 ταῖς
725 2612 837 2668 πόλεσιν
857 2612 894 2671 ὥς
908 2617 953 2669 ent
970 2584 1040 2669 non
1057 2618 1207 2688 ἐγίγνοντο.

122 2747 156 2801 V.
173 2749 230 2801 110.
247 2763 285 2815 sq.
317 2747 378 2797 Hoc
394 2762 443 2814 ego
461 2748 621 2798 commodius
637 2764 716 2814 quam
731 2752 769 2812 tn,
784 2749 917 2814 praeclare
934 2755 1050 2815 senator,

320 2829 470 2881 Millibus
487 2835 566 2897 atquc
583 2830 657 2882 eliis
673 2831 742 2882 vivo.
1100 2829 1101 2832 ’

204 2961 258 3026 De
279 2960 387 3027 verbis
405 2963 572 3048 precedere
599 2974 736 3046 senator,
763 2963 898 3029 millibus
922 2978 1013 3050 atque
1040 2965 1115 3029 alet
1139 2967 1208 3033 civo
1323 2938 1326 2944 Ι

121 3059 291 3126 eiiciendis
312 3061 472 3147 Reisigius
500 3063 534 3125 in
554 3062 722 3149 postremis
750 3061 866 3127 scholis
888 3071 1008 3129 aestate
1030 3066 1106 3129 anni
1126 3065 1158 3131 h.
1180 3089 1207 3132 s.

121 3161 274 3247 vigesimi
295 3162 401 3227 octavi
420 3160 539 3227 habitis
559 3159 605 3225 nil
627 3161 786 3248 exposuit,
813 3160 871 3226 sed
892 3162 1006 3227 eadem
1025 3166 1130 3252 potius
1151 3165 1207 3251 de-

121 3259 234 3325 iendit.
279 3260 385 3342 Quum
409 3261 544 3325 mittitur
570 3260 643 3327 atrii
669 3259 803 3344 (endere
829 3260 1013 3350 Teusende)
1040 3287 1099 3352 pro
1126 3267 1208 3332 meite
1285 3284 1287 3291 ’

121 3359 198 3424 clitis
213 3358 362 3443 (teusend
374 3358 519 3444 Andere)
535 3382 600 3424 non
612 3360 762 3425 Latinum
776 3361 825 3445 sit,
845 3360 920 3426 licet
933 3363 1075 3448 quidem,
1092 3376 1126 3430 ut
1139 3366 1206 3453 pla=
1281 3380 1284 3387 '

123 3459 189 3523 cuit
201 3457 357 3545 Reisigio,
380 3460 454 3524 aliis
467 3481 525 3546 pro
538 3473 707 3546 praeterea
720 3458 838 3525 dictum
850 3462 1009 3548 accipere,
1031 3485 1093 3547 quo
1108 3466 1206 3552 signi-

121 3555 221 3622 ficatu
242 3579 339 3644 quum
358 3559 467 3623 Latini
487 3560 570 3624 otico
590 3568 622 3624 et
634 3560 779 3644 reliquus,
800 3568 866 3624 tum
880 3558 1000 3626 Graeci
1018 3575 1102 3635 ἄλλος
1115 3567 1206 3630 ηειιτὲ
1231 3630 1233 3635 .

122 3664 254 3743 petunt:
275 3658 334 3723 sed
353 3683 447 3744 quom
467 3671 501 3724 tc
520 3672 611 3744 etque
631 3659 766 3723 sutilibus
779 3659 860 3742 aliis,
882 3661 909 3724 si
923 3662 1099 3747 quisquam,
1116 3674 1207 3730 certe
1281 3662 1284 3666 ’
1319 3688 1321 3692 ”

122 3754 276 3821 Horatius
297 3779 362 3822 non
383 3759 567 3842 construxit,
589 3779 694 3844 neque
714 3758 850 3823 millibus
866 3759 939 3824 als'is
953 3783 1025 3825 cum
1038 3762 1096 3827 doc
1111 3785 1207 3851 copu-

122 3852 274 3940 leverim‚
306 3857 393 3942 quod
418 3866 516 3944 poeta
540 3880 632 3922 suam
658 3857 790 3922 vivendi
816 3859 972 3924 rationem
996 3858 1083 3925 haud
1110 3862 1207 3928 dubie
1257 3906 1260 3910 Δ

124 3956 265 4021 omnium
285 3953 447 4022 hominum
461 3956 700 4022 ambitiosorum
721 3978 783 4021 neo
796 3956 893 4022 solius
907 3957 996 4023 Tillii
1008 3960 1093 4024 vitoe
1108 3983 1206 4049 oppo-

123 4055 194 4127 suit.
232 4054 306 4136 Qua
326 4055 367 4121 de
389 4078 488 4122 causa
507 4057 642 4122 millibus
663 4055 812 4142 equidem
833 4057 1005 4142 sincerum,
1034 4060 1107 4125 altile
1127 4084 1205 4128 vero

124 4172 146 4220 c
164 4153 307 4223 librariis
328 4177 373 4221 ex
392 4177 481 4222 more
503 4177 570 4241 suo,
592 4178 688 4243 quem
708 4155 752 4222 ed
772 4155 839 4222 Sat.
858 4156 931 4243 Ι,2,
947 4158 1016 4225 125.
1038 4161 1137 4248 attigi,
1158 4162 1205 4228 in-
