2678 4642
133 202 224 297 sr'ea
592 241 827 293 comucrmnn

82 437 84 440 ’
160 419 289 498 gratum
310 409 352 474 sit
372 409 478 474 animo
499 408 632 474 nostro?
664 408 796 475 &atam
810 408 907 494 igitur
922 415 970 472 est
983 407 1112 493 generis
1127 429 1259 472 maseu-

154 505 218 574 lini
238 510 427 596 pronomine
448 533 496 573 me
517 510 644 592 omisso,
666 510 747 575 sicut
767 508 845 574 alibi
860 506 1066 597 creberrime.
1100 505 1168 571 Ofr.
1185 505 1258 571 Sat

160 609 188 693 Ι,
210 609 239 693 5,
262 608 312 674 83.
335 632 382 695 sq.
404 633 529 674 somnae
551 623 653 674 tamea
673 612 780 697 aufert
798 598 948 672 interitum
968 608 1081 671 veneni
1103 606 1131 690 I,
1154 606 1184 690 6,
1204 606 1258 671 82.
1291 628 1295 648 ⁴

161 731 230 794 sqq.
253 708 408 773 Pudicam
420 711 648 774 -eerveeit
669 710 707 773 ab
730 710 815 773 ortui
832 731 893 772 eon
912 707 1011 770 solam
1023 708 1126 792 facto,
1150 729 1260 770 veram

125 811 128 817 ’
161 809 330 895 opprobrie
351 833 467 895 quoque
483 810 576 893 tarpei.
598 808 642 892 ΙΙ,
659 812 687 892 1,
705 809 753 872 12.
770 829 817 892 sq.
844 806 1007 893 (lapidum,
1024 819 1116 891 pater
1131 806 1257 892 optime,

143 909 243 975 ,eires
270 907 423 995 deficiant.
456 909 505 992 H,
527 910 562 991 3,
585 908 656 972 326.
694 906 843 972 Omaior
864 905 986 970 taudem
1001 929 1123 991 pareas
1145 907 1258 970 insane

159 1009 284 1071 minori.
317 1007 368 1090 ΙΙ,
390 994 425 1090 6,
447 1008 498 1073 59.
530 1007 679 1072 Perditur
699 1008 774 1071 daec
795 1009 875 1071 inter
895 1007 1007 1070 odebero
1029 1006 1085 1069 lum
1104 1027 1169 1069 aon
1189 1005 1258 1068 erite

159 1108 249 1172 oeteis.
271 1106 315 1190 ΙΙ,
337 1107 365 1190 Ι,
387 1107 437 1171 51.
460 1107 589 1172 dimidie
608 1130 703 1193 aeque
714 1108 881 1193 samonem
900 1128 995 1189 neque
1016 1104 1191 1169 sollicitam.

160 1222 192 1273 Vt
213 1225 251 1274 16.
269 1238 308 1288 sq.
341 1223 413 1289 Ergo
430 1223 478 1274 ubi
493 1239 534 1273 mc
550 1224 579 1273 in
595 1228 695 1274 montes
712 1223 782 1272 etin
799 1237 885 1273 arcem
902 1237 935 1270 ex
950 1220 1015 1271 urbe
1030 1221 1138 1284 removi,

343 1307 414 1368 Quid
430 1308 501 1371 prius
518 1306 644 1356 illustrem
661 1307 772 1356 satiris
789 1319 942 1370 musaque
958 1304 1121 1368 pedestri?

99 1405 103 1411 ’
242 1402 431 1469 Demiratur
453 1404 607 1488 Orellius,
633 1404 719 1490 quod
739 1403 913 1469 falsissima
932 1403 1078 1467 Daeierii
1100 1411 1132 1467 et
1153 1402 1256 1469 Sana-

160 1502 236 1567 doni
265 1504 435 1590 explicatio
463 1505 541 1590 quid
567 1527 748 1590 componam
771 1504 865 1590 prius
891 1527 984 1588 quom
1004 1502 1142 1567 satirae?
1174 1524 1255 1568 non·

162 1602 239 1668 dum
275 1603 430 1670 derelicta
457 1606 507 1670 sit.
559 1603 678 1685 Quidni
705 1605 770 1667 iem
794 1603 1046 1689 Damassippum
1074 1603 1256 1688 castigavit,

161 1703 217 1788 qui
244 1704 312 1768 eius
340 1704 610 1791 interpretationis
633 1713 742 1768 auctor
763 1703 905 1766 exstitit?
948 1702 981 1766 Is
1003 1700 1134 1787 quidem
1153 1702 1199 1766 ad
1219 1702 1257 1767 il-

160 1800 217 1866 lud
237 1804 363 1869 Horatii
384 1805 575 1890 promissum
595 1804 783 1890 provocavit
804 1801 870 1866 Sat.
892 1801 942 1886 Π,
964 1802 998 1884 3,
1019 1801 1049 1865 9.
1072 1823 1120 1887 sq.
1156 1801 1260 1888 Aequi

160 1903 261 1966 cultae
282 1917 349 1967 erat
369 1905 466 1969 made
487 1917 516 1968 et
527 1903 700 1991 praeclare
720 1903 878 1984 minentis,
900 1903 931 1966 ei
942 1924 1072 1966 caecam
1086 1901 1191 1986 tepido
1208 1925 1256 1966 ee-

156 2003 257 2088 pieeet
276 2004 383 2068 villula
404 2017 490 2068 tecto.

161 2135 192 2187 V.
209 2137 251 2188 29.
269 2153 307 2202 sq.
342 2137 476 2200 Quidvis,
492 2137 593 2200 insane,
610 2140 636 2186 et
652 2151 718 2201 quas
735 2150 776 2186 res
793 2135 868 2202 agis?
885 2132 1051 2197 improbus
1067 2137 1162 2198 urguet

342 2220 419 2270 Iratis
436 2220 558 2285 precibus
574 2263 658 2274 ...-

244 2350 369 2416 Vocem
389 2352 547 2436 improbus
569 2373 642 2415 cum
661 2371 852 2437 praegresso
869 2349 939 2437 epis
953 2347 1038 2413 nullo
1052 2355 1149 2434 pacto
1164 2349 1257 2436 iungi

161 2470 257 2536 posse
279 2451 344 2514 iam
365 2473 407 2515 ex
433 2451 665 2515 constructione
686 2450 859 2515 verborum
881 2448 970 2534 (qaid
988 2449 1036 2513 vie
1057 2461 1087 2512 et
1107 2473 1186 2535 quas
1207 2474 1259 2514 res

162 2551 232 2637 apis
251 2551 424 2637 improbae,
454 2549 594 2632 iraenei)
616 2550 651 2613 in
672 2548 801 2613 modum
822 2547 1095 2613 evidentissimum
1107 2550 1257 2634 patescit

163 2648 283 2714 Contra
307 2651 464 2736 improbus
493 2649 527 2732 (i.
555 2671 583 2714 e.
613 2651 664 2714 eia
691 2647 821 2731 Scdelm)
847 2661 957 2735 arpaet
984 2649 1078 2712 iratis
1105 2651 1257 2735 precibus

163 2749 281 2834 optime
310 2757 549 2836 componuntur.
592 2748 658 2815 cfr.
680 2746 783 2813 Lucil.
806 2747 894 2834 apud
915 2746 997 2812 Gell.
1020 2747 1060 2812 N.
1081 2745 1124 2813 A.
1142 2747 1205 2830 XI,
1228 2749 1257 2815 7.

162 2871 216 2913 ere
237 2850 395 2936 einprobae
416 2850 504 2914 duro.

161 2980 194 3032 V.
212 2981 251 3032 30.
269 2998 326 3049 sqq.
572 2986 602 3032 tu
617 2980 706 3047 pulses
724 2997 807 3046 omne,
825 2980 895 3048 quod
911 2980 1006 3044 obstat,

359 3067 401 3117 Ad
417 3066 598 3116 Maecenatem
614 3067 721 3115 memori
737 3067 760 3115 si
776 3070 861 3115 mente
878 3079 1004 3114 recurras.

360 3150 429 3200 Hoc
445 3150 518 3198 iuvet
536 3153 562 3198 et
577 3148 648 3197 melli
664 3151 711 3213 est,
727 3165 781 3199 non
798 3148 915 3197 mentiar.

244 3296 314 3362 Hoc
341 3297 446 3361 solent
472 3297 659 3385 interpretes
688 3295 728 3360 de
749 3296 876 3360 Horatii
902 3316 998 3360 cursu
1018 3292 1060 3358 ad
1080 3292 1259 3361 Maecena·

160 3402 228 3458 tem
248 3395 437 3482 intelligere,
460 3397 546 3481 quod
567 3398 635 3461 sine
657 3396 754 3461 dubio
776 3419 841 3460 non
862 3403 947 3460 esset
960 3395 1088 3477 factum,
1110 3395 1139 3458 si
1154 3396 1259 3460 oratio

163 3493 247 3559 hanc
274 3498 343 3560 fere
371 3497 405 3560 in
431 3498 573 3582 speciem
600 3497 797 3560 conformata
825 3504 923 3559 esset:
951 3507 984 3558 ta
1009 3495 1142 3558 memori
1159 3507 1260 3558 mente

163 3595 209 3659 ad
233 3596 445 3660 Maecenatem
471 3620 633 3660 recurrens
661 3620 746 3660 omae
767 3596 885 3682 pulses,
914 3594 998 3680 qaod
1017 3593 1125 3656 obstat.
1169 3593 1260 3659 Hine
1282 3653 1290 3669 „

163 3695 235 3781 peri
255 3694 349 3780 plane
371 3696 450 3775 iure,
472 3717 535 3780 quo
556 3717 641 3759 nunc
663 3695 703 3759 de
724 3695 850 3759 Horatii
867 3717 961 3759 cursu
977 3693 1019 3758 ad
1032 3691 1259 3758 Maecenatem

164 3796 331 3879 cogitatur,
355 3794 394 3859 de
416 3793 592 3881 pulsatione
614 3797 753 3858 omnium
768 3794 1067 3880 impedimentorum
1081 3794 1256 3878 cogitares.

164 3893 224 3957 Est
248 3916 326 3959 vero
353 3895 410 3958 hoe
431 3894 473 3958 ad
494 3896 592 3959 iratas
612 3894 751 3980 improbi
771 3916 885 3980 preces
907 3891 1121 3958 referendum.
1157 3892 1261 3958 Poeta

164 3992 288 4058 scilicet
308 3993 469 4058 molestias
491 4017 566 4059 suas
586 3995 724 4059 urbanas
739 4016 911 4059 recensens
928 3994 1026 4058 etiam
1042 3993 1260 4077 conqueritur,

167 4093 255 4179 quod
276 4093 338 4159 sibi
359 4095 403 4160 ad
422 4094 648 4160 Maecenatem
667 4095 851 4182 properanti
872 4117 892 4158 a
912 4093 1006 4158 turba
1022 4090 1188 4177 tardisque
1202 4114 1260 4180 pe·

165 4192 282 4258 ditibus
302 4195 356 4260 via
378 4194 566 4260 obstruatur.
597 4194 691 4260 Haec
711 4203 819 4261 tamen
836 4193 1064 4280 impedimenta
1077 4191 1169 4257 iratis
1184 4214 1259 4280 pre-
