2678 4642
128 215 188 281 128
557 232 791 282 carmennum

125 398 303 465 subiectum
335 395 464 484 quidem
495 397 630 481 lactuca,
668 421 731 464 nec
770 407 878 465 tamen
909 399 1084 466 stomachus
1114 402 1223 490 repeti

124 506 228 586 potest
263 505 295 562 et
329 498 357 561 si
389 498 459 582 quis
497 497 573 562 inde
611 497 790 564 subiectum
821 500 995 564 stomachus
1027 499 1222 587 depromere

125 598 273 681 voluerit,
309 595 395 660 idem
430 619 495 661 una
530 598 626 661 etiam
664 621 737 662 cccc
775 600 893 664 iterare
929 598 1075 682 debebit,
1112 622 1221 687 neque

124 697 188 762 ullo
213 705 307 783 pacto
334 719 475 760 marcens
503 695 695 760 substituere
721 699 846 783 poterit.
887 696 975 762 Acer
997 720 1074 784 ergo
1097 708 1217 766 stoma·

125 796 203 861 chus
239 796 356 882 optime
397 795 574 878 reficiatur,
620 797 648 859 si
684 797 763 861 cibis
802 797 930 862 acribus
970 798 1143 863 immorsus
1189 807 1221 864 et

124 895 290 960 vellicatus
300 894 418 959 fuerit?
445 894 617 960 Praeterea
630 895 765 960 verbum
779 898 943 961 t'mmorsus
953 897 987 960 in
998 898 1217 964 enuntiatione

115 1019 222 1082 perna
255 996 355 1080 mcyis
391 1017 428 1058 ac
459 994 560 1081 inopis
591 995 676 1059 hc'liis
697 997 828 1082 stapitot
858 997 1024 1060 immersus
1054 998 1148 1084 refici
1177 1020 1222 1067 ex

123 1093 261 1159 Bentleii
290 1093 490 1157 enarratione
516 1114 581 1157 non
605 1092 699 1157 modo
723 1096 872 1178 otiosum,
898 1096 1135 1174 verumetiam
1158 1097 1217 1163 fal-

124 1217 195 1259 sum
216 1201 279 1276 est,
309 1183 597 1277 quia‘im‘mordens
619 1192 826 1277 inhaerescit,
854 1193 888 1258 id
910 1193 996 1279 quod
1022 1195 1057 1259 in
1080 1217 1218 1282 pernam

14 1303 18 1313 ’
122 1293 279 1379 hillasque
299 1313 364 1355 non
385 1292 480 1374 eadit,
501 1314 583 1378 quae
604 1309 806 1378 nequaquam
826 1292 982 1377 mordent,
1003 1316 1144 1380 namque
1165 1318 1216 1361 re-

123 1391 231 1456 media
250 1400 322 1454 sunt
342 1389 429 1454 lenia
450 1401 483 1455 et
502 1390 691 1456 roborantia
710 1413 815 1479 neque
839 1393 928 1459 acria
949 1415 988 1457 ac
1010 1392 1215 1461 stimulantis.

122 1491 273 1576 Denique
299 1489 476 1576 legitimum
504 1489 683 1555 subiectum
711 1490 816 1556 adhuc
833 1505 932 1577 potor
953 1501 1014 1576 est,
1036 1493 1123 1577 quod
1145 1495 1216 1581 qui-

123 1591 198 1656 dem
219 1612 314 1675 quam
336 1591 376 1653 sit
396 1589 552 1676 ineptum,
575 1612 616 1653 ex
638 1589 774 1681 epitheto
796 1593 961 1656 immersus
980 1593 1124 1678 patescit.
1170 1593 1216 1661 Ut

121 1690 220 1777 igitur
246 1690 420 1753 stomachus
447 1711 554 1754 rursus
585 1687 763 1753 subiectum
797 1681 865 1774 fiat,
899 1713 965 1756 una
997 1693 1216 1759 tantummodo

121 1789 257 1855 litterula
271 1797 463 1853 commutata
484 1791 531 1853 sie
551 1779 708 1870 rescribe:
727 1812 830 1874 pcrao
849 1791 951 1878 acopis
972 1813 1010 1854 oc
1030 1793 1133 1879 mapis
1154 1793 1212 1858 hil·

121 1891 161 1955 iis
173 1890 304 1976 flapitot
330 1885 357 1952 it
384 1911 505 1952 morsos
529 1889 625 1974 carici.
668 1888 809 1952 Primum
839 1890 924 1953 enim
951 1912 1099 1954 marcens
1121 1900 1216 1977 potor

120 1991 211 2054 tostis
239 1988 360 2073 squillis
387 1997 419 2051 et
437 1987 519 2051 Afra
542 1986 678 2051 cochlea
704 1988 899 2052 recreandus
919 1989 1119 2076 proponitur,
1147 1999 1216 2055 tum

111 2089 158 2174 (i.
175 2111 203 2152 e.
226 2096 387 2152 marcente
407 2095 518 2173 potore
535 2085 695 2170 recreato)
712 2109 788 2151 acer
802 2087 982 2153 stomachus
997 2110 1100 2175 perna
1114 2099 1213 2177 atque

121 2188 206 2252 hillis
227 2187 361 2273 amplius
382 2185 585 2250 reficiendus.
622 2184 752 2250 Scilicet
772 2210 893 2251 morsus
916 2188 1050 2274 (ycbcict)
1075 2188 1115 2252 de
1138 2191 1216 2254 vino

122 2288 241 2353 dictum
263 2297 326 2369 est,
353 2285 438 2367 unde
459 2307 581 2349 morsus
601 2286 775 2350 stomachus
795 2285 891 2372 plane
912 2287 1012 2371 idem,
1041 2288 1104 2372 qui
1117 2290 1214 2354 modo

121 2409 194 2451 ocor
214 2386 411 2472 postaticum
431 2393 562 2461 vocatus
585 2393 642 2448 est.
689 2385 870 2450 Pronomen
891 2388 921 2451 is
940 2387 1094 2454 Horatius
1117 2388 1215 2455 simili

120 2487 243 2550 ratione
264 2483 367 2550 intulit
387 2482 454 2546 Sat.
475 2482 502 2565 I,
524 2483 553 2565 9,
577 2483 625 2546 18.

120 2618 152 2670 V.
170 2619 209 2669 78.
226 2632 283 2682 sqq.
321 2615 420 2681 Magna
437 2620 524 2665 movet
539 2615 672 2665 stomacho
690 2615 803 2680 fastidia,
821 2633 868 2668 seu
885 2632 949 2683 puer
964 2619 1050 2669 unctis

319 2698 454 2747 Tractavit
471 2697 577 2747 calicem
594 2699 723 2762 manibus,
741 2699 802 2749 dum
818 2700 924 2751 frusta
940 2700 1050 2767 ligurrit,

319 2781 380 2831 Sive
396 2782 485 2847 gravis
501 2781 583 2831 veteri
600 2785 715 2831 craterae
731 2781 808 2832 limus
826 2783 952 2834 adhaesit.

202 2878 363 2966 Vulgatur
375 2882 482 2967 furto,
505 2880 591 2966 quod
611 2901 727 2946 nomen
747 2903 812 2946 non
832 2891 897 2946 tam
923 2883 1059 2948 verbum
1085 2885 1217 2975 liqurrit

121 3002 217 3068 quam
239 2979 365 3044 deserta
385 2981 533 3066 reposcit.
565 2980 740 3066 Propterea
760 2989 866 3045 tamen
886 2981 1018 3047 alteram
1033 2981 1117 3049 odd.
1134 2989 1215 3052 scri·

77 3153 80 3159 ,
122 3088 248 3167 pturam
261 3081 376 3166 frusto
398 3079 608 3144 Horatianam
630 3101 710 3162 esse,
732 3088 766 3143 ut
779 3080 844 3144 iam
858 3081 1015 3146 Lambino
1030 3083 1216 3173 videbatur,

120 3178 261 3243 nondum
293 3178 493 3243 crediderim.
536 3179 668 3243 Poetam
699 3179 784 3242 enim
810 3202 912 3264 genus
940 3181 1112 3248 frustorum
1134 3189 1239 3252 omi?

120 3280 200 3343 sisse
222 3300 289 3341 non
311 3286 358 3342 est
378 3277 560 3353 verisimile.
603 3277 702 3342 Haud
724 3280 790 3343 scio
812 3279 908 3364 igitur
930 3302 972 3344 an
994 3280 1093 3346 ttuslu
1117 3286 1216 3353 nohis

40 3440 42 3444 Α
122 3378 295 3463 reliquerit.
338 3376 456 3441 Itidem
477 3378 604 3463 scripsit
624 3377 785 3443 Iuvenalis
806 3377 866 3461 IX,
888 3378 919 3444 5.
951 3378 1022 3444 Nos
1050 3383 1218 3472 colaphum

119 3479 287 3542 c'acatimus
307 3476 455 3541 lambenti
474 3477 612 3541 crustula
633 3501 730 3542 servo.

120 3610 153 3662 V.
170 3610 212 3662 83.
230 3625 286 3675 sqq.
326 3609 384 3659 Ten
401 3608 501 3673 lapides
518 3611 605 3659 varios
623 3609 751 3660 lutulenta
767 3611 858 3660 radere
874 3610 963 3675 palma

318 3693 354 3740 Et
370 3692 464 3756 Tyrias
482 3692 544 3741 dare
561 3693 656 3742 cneum
672 3692 747 3742 illota
763 3694 858 3744 toralia
874 3699 968 3757 vestes,

319 3773 443 3837 Oblitum,
461 3779 559 3840 quanto
577 3790 665 3824 curam
683 3780 845 3841 sumtumque
862 3777 987 3827 minorem

316 3857 391 3906 Haec
407 3857 529 3920 habeant,
546 3862 618 3907 tanto
635 3858 788 3922 reprehendi
804 3851 897 3908 iustius
914 3859 997 3923 illis,

318 3941 392 4001 Quae
408 3940 459 3990 nisi
476 3940 599 3990 divitibus
616 3945 748 4006 nequeant
763 3942 913 4007 contingere
929 3943 1045 3993 menam?

202 4071 309 4137 Schol.
332 4071 428 4157 Oruq.
450 4096 481 4137 v.
505 4073 555 4136 86.
578 4072 642 4136 t'lics
662 4072 709 4137 sic
724 4081 863 4137 enarrat:
886 4098 979 4159 quom
999 4075 1033 4138 si
1052 4075 1218 4162 defitcriut

119 4174 180 4239 tibi
188 4173 329 4260 pretiosi
338 4173 447 4257 pisces
468 4185 497 4236 ct
518 4173 634 4257 optimo
654 4160 737 4237 ciac.
760 4172 953 4238 Lambinus:
984 4197 1079 4258 qaam
1101 4178 1135 4243 si
1154 4203 1219 4246 aon
