2678 4642
124 218 168 285 62
549 235 784 286 conuersum

123 400 238 467 diebus
258 422 366 466 merae
387 400 538 466 Lambini
556 422 674 487 nugae,
695 400 809 488 quibus
830 408 896 466 tota
917 399 1013 465 etiam
1033 399 1126 466 huius
1147 399 1211 466 loci

124 502 282 566 sententia
305 501 503 588 perabsurda
527 500 680 565 redditur.
721 499 851 566 Etenim
875 501 1026 565 Horatius
1052 521 1117 565 non
1145 499 1210 565 elo-

123 609 237 686 quutus
264 609 325 684 est,
345 595 433 686 'quid
453 600 559 664 Flavii
590 598 737 686 discipuli
760 598 944 683 didicerint,
971 599 1029 664 sed
1054 600 1212 686 potiorem

124 699 214 764 duxit
243 700 453 783 mentionem,
490 698 616 785 quando
649 697 805 763 minerval
837 700 1083 764 numeraverint.
1139 699 1211 764 Imo

8 800 10 806 '
126 821 223 884 quum
243 798 345 863 verba
366 800 483 863 octonas
501 800 671 884 referentes
691 798 797 863 idibus
810 823 886 863 acra
899 799 1006 883 utique
1021 798 1211 884 significent,

125 921 221 986 quem
242 896 401 962 adfinem
422 896 561 982 grandes
583 898 801 961 centurionum
829 897 886 961 filii
912 898 945 960 in
971 896 1076 962 Flavii
1101 897 1212 962 ludum

125 997 358 1080 cursitaverint,
380 995 461 1061 adeo
483 994 640 1060 minerval
661 998 782 1061 octonis
803 996 909 1062 idibus
930 995 1118 1061 solvendum
1138 996 1213 1060 finis

124 1097 232 1178 euadit
247 1095 484 1181 discipulorum,
500 1096 554 1181 qui
563 1095 670 1160 Flavii
682 1094 792 1160 ludum
806 1096 1059 1181 frequentabant.
1084 1095 1211 1181 Nempe

122 1197 209 1260 a‘bont
229 1198 398 1283 refferentes
418 1193 504 1258 valet
523 1195 611 1258 ibant
631 1194 770 1259 redituri
804 1194 871 1259 Otr.
894 1194 1002 1260 Oarm.
1023 1194 1085 1278 III,
1106 1195 1157 1278 20,
1179 1194 1210 1259 6.

122 1295 181 1359 ihu
200 1296 352 1381 designem
371 1307 511 1380 repetem
530 1293 717 1358 Nearchum.
761 1292 855 1358 Caes.
870 1293 909 1358 B.
925 1292 962 1359 C.
984 1293 1011 1376 I,
1034 1294 1084 1358 18.
1112 1293 1209 1359 Corn.

1 1441 3 1445 -
123 1393 206 1481 Nep.
228 1393 340 1458 Them.
363 1393 392 1457 9.
428 1392 500 1456 Liv.
516 1391 641 1477 XXIV,
656 1393 707 1456 28.
722 1391 832 1476 XXX,
852 1394 903 1457 20.
928 1391 1020 1475 Quae
1047 1415 1144 1478 quum
1165 1392 1212 1457 ita

124 1493 201 1576 sint,
228 1502 356 1580 poetam
385 1493 503 1556 octonis
528 1493 698 1578 referentes
727 1492 834 1556 idibus
863 1515 939 1557 aera
971 1492 1011 1556 de
1041 1491 1222 1557 minervali

124 1591 238 1656 Flavio
266 1600 431 1656 numerato
457 1612 518 1655 nec
544 1591 664 1655 dixisse
698 1612 802 1676 neque
835 1591 944 1656 dicere
969 1591 1112 1677 potuisse
1137 1590 1211 1656 luce

14 1761 16 1766 .
123 1690 240 1755 clarius
261 1690 396 1755 videtur.
438 1690 509 1755 Nec
536 1711 614 1755 vcro
644 1690 836 1775 antegressis
864 1689 959 1754 modo
986 1690 1096 1757 verbis
1124 1691 1210 1756 aevo

6 1835 30 1855 .·
121 1791 266 1875 suspensi
282 1791 397 1855 londos
422 1791 613 1875 cadebantque
641 1790 754 1853 lacerto
780 1788 846 1852 ulla
871 1790 995 1854 ratione
1022 1781 1211 1876 ambiguum

14 1899 16 1904 '
93 1940 95 1946 .
122 1900 278 1976 putamuS,
300 1888 567 1975 quemadmodum
595 1887 793 1973 subsequens
821 1890 939 1953 octonis
958 1891 1128 1977 references
1147 1890 1210 1954 idi·

1 1984 2 1989 ’
121 1991 179 2053 dus
193 2013 268 2053 acra
283 1987 517 2075 explanandum
531 1988 581 2052 sit.
613 1986 744 2052 Loculis
758 1987 905 2051 nimirum
919 1987 1097 2074 tabulisque
1113 1989 1209 2054 disci·

122 2087 189 2175 puli
208 2087 315 2153 Flavii
335 2088 477 2174 profecto
498 2108 563 2150 non
583 2086 763 2169 utebantur,
784 2095 819 2150 ut
838 2087 992 2172 magistro
1013 2110 1069 2152 suo
1087 2111 1209 2176 expen-

118 2188 235 2252 derent
254 2186 424 2270 minerval,
446 2185 503 2251 scd
516 2194 550 2250 ut
565 2185 606 2250 ab
622 2207 661 2250 eo
675 2185 709 2249 in
724 2185 929 2251 arithmeticis
944 2187 1209 2253 exercitarentur.

124 2286 232 2367 Quare
252 2307 358 2371 neque
380 2286 421 2350 de
443 2307 481 2350 eo
502 2285 595 2351 nobis
618 2285 802 2350 certandum
824 2293 887 2368 est,
912 2308 987 2350 num
1016 2285 1139 2352 domum
1166 2309 1210 2352 an

120 2388 156 2451 in
176 2385 309 2450 schedam
330 2384 373 2450 ad
391 2386 561 2473 referamos
581 2386 774 2470 cogitatione
796 2384 895 2450 adiici
917 2384 1047 2469 debeat,
1068 2408 1210 2472 namque

122 2484 255 2550 alterum
280 2504 346 2563 non
373 2484 476 2569 magis
508 2506 604 2570 quam
635 2483 769 2548 alterum
797 2485 924 2548 omnino
950 2485 1097 2571 supplere
1123 2485 1210 2569 licet,

75 2598 78 2604 ’
123 2605 185 2649 nec
204 2585 373 2672 referenoes
393 2583 457 2647 ullo
485 2591 559 2668 eget
590 2583 822 2670 supplemento,
854 2583 1111 2670 quandoquidem
1143 2585 1209 2650 cal·

52 2758 54 2763 ,
123 2683 202 2748 culis
223 2685 257 2747 in
277 2682 401 2749 tabulas
422 2682 556 2747 relatum
578 2704 649 2746 esse
664 2705 706 2746 ex
718 2688 750 2747 v.
767 2682 816 2746 74.
828 2682 956 2748 abunde
970 2692 1065 2770 patet,
1088 2684 1209 2751 etenim

121 2783 207 2848 lacco
227 2785 371 2869 suspensi
388 2783 502 2846 loculos
522 2782 714 2869 tabulamque
735 2783 848 2847 baceno
866 2783 1015 2870 discipuli
1023 2782 1129 2848 Flavii
1143 2805 1210 2850 non

20 2879 21 2882 '
123 2890 262 2965 omatus,
284 2882 342 2946 sed
362 2903 437 2945 usus
460 2903 558 2946 causa
577 2881 778 2946 incedebant.
810 2880 947 2946 Dativus
969 2890 1074 2946 autem
1090 2885 1210 2948 octonas

121 2982 227 3048 idibus
248 3003 291 3047 ex
309 2982 410 3047 verbo
430 2982 599 3068 rq‘crcntcs
618 3002 791 3067 suspensus
812 2980 968 3045 rationem
990 2980 1025 3065 (i.
1042 3003 1070 3047 e.
1097 2981 1207 3066 Cento)

123 3080 252 3166 indicat,
273 3081 307 3145 in
328 3103 422 3168 quam
443 3103 522 3145 aera
542 3102 600 3145 seu
619 3102 735 3145 usurae
755 3081 986 3146 referebantur.
1023 3080 1126 3145 Plena
1145 3081 1207 3168 igi·

121 3189 173 3246 tur
191 3189 305 3268 poetae
327 3181 427 3245 oratio
447 3178 530 3244 haec
552 3188 611 3244 est:
632 3204 746 3244 usuros
760 3181 877 3245 ononis
896 3180 1001 3245 idibus
1022 3181 1151 3245 edomas
1172 3183 1209 3246 s‘n

121 3281 241 3347 amula
259 3280 404 3361 relatura,
425 3304 478 3344 um
497 3279 611 3344 husen
623 3281 688 3366 fiir
698 3281 737 3366 je
758 3281 828 3344 acia
846 3279 926 3344 Idus
945 3281 1179 3370 ausberecduen.

204 3377 300 3461 Quod
321 3377 441 3444 Orellio
462 3379 557 3443 unice
578 3379 741 3464 iungenda
761 3377 953 3444 videbantur
981 3381 1069 3444 a‘baat
1089 3381 1208 3445 octonis

120 3476 294 3561 idibus,=id
312 3476 392 3542 nihil
412 3498 534 3562 moror,
556 3479 706 3563 quoniam
727 3498 821 3542 nemo
843 3479 967 3544 sobrius
994 3479 1206 3544 affirmaturos

123 3588 179 3663 est,
201 3575 373 3664 disciprdos
392 3575 501 3643 Flavii
521 3576 687 3642 dumtaxat
707 3578 828 3642 octonis
842 3577 948 3642 idibus
962 3575 1072 3642 ludum
1086 3578 1206 3643 adiisse

121 3678 219 3764 idque
239 3677 301 3742 hoc
322 3676 422 3741 solum
444 3674 590 3759 consilio,
617 3684 654 3742 ut
679 3698 736 3762 pro
758 3676 864 3743 idibus
884 3675 947 3741 illis
966 3675 1123 3743 minerval
1145 3675 1205 3742 sol·

84 3834 88 3841 .
120 3786 247 3862 verant,
267 3775 425 3863 quomodo
448 3773 584 3841 Orellius
609 3777 778 3864 referamos
798 3800 873 3841 acra
893 3776 1057 3841 intellexit.
1072 3791 1073 3794 ’
1089 3776 1204 3862 Neque

121 3876 219 3942 multo
241 3885 291 3941 est
318 3877 465 3963 gravius,
492 3873 578 3960 quod
603 3874 689 3940 idem
715 3867 832 3940 auctor
854 3875 1035 3963 exemplum
1059 3875 1203 3960 fenebre,

120 3999 183 4066 quo
203 3977 370 4043 Horatium
390 3984 477 4063 patet
497 3973 540 4040 ad
557 3975 742 4060 aeruginem
757 3997 930 4061 curamque
953 3974 1071 4063 peculii
1085 3976 1205 4040 civium

119 4100 249 4145 suorum
268 4075 361 4142 simul
383 4073 616 4162 corripiendam
636 4095 729 4139 usum
750 4095 831 4159 esse,
849 4096 977 4140 omnem
991 4075 1204 4140 ratiocinandi

118 4175 423 4265 mrignificare
444 4173 595 4262 negabat
636 4173 755 4240 Nescio
777 4173 941 4261 equidem,
969 4196 1065 4262 quam
1087 4174 1205 4240 dixerit
