2678 4642
362 215 411 272 'rr
433 222 624 275 sarmarum
644 227 773 277 amaon
793 229 927 279 emron
1157 218 1198 284 85

109 387 301 473 prensanda.
345 387 411 455 cfr.
439 390 518 457 Tae.
545 391 627 458 Hist.
656 393 721 479 ΠΙ,
748 395 800 461 28.
824 398 1045 482 prehenoareat
1065 399 1197 466 dostram

109 488 168 553 tela
189 489 382 576 brachiaque.

107 619 138 670 V.
156 622 195 672 69.
213 637 252 688 sq.
644 624 722 676 hodie
738 627 905 679 tricesima
922 629 1046 681 sabbata:
1063 632 1108 682 vin
1124 635 1154 683 tu

303 705 390 758 Curtio
405 707 511 761 Iudaeis
528 711 674 777 oppedere?

44 895 45 900 η
191 819 250 885 Od.
272 821 378 889 Berol.
400 824 439 889 Β.
464 824 525 911 (nr.
548 825 594 911 5.)
616 825 760 915 primitus
782 824 881 892 habet
899 828 1096 914 praedatae,
1124 828 1192 895 vul·

106 929 181 1004 gato
203 923 359 988 tricesima
380 933 401 988 a
420 947 516 989 manu
535 927 710 1012 posteriore
725 927 950 1012 suprascripto.
983 927 1120 993 Videtur
1134 950 1189 994 au-

105 1028 169 1083 tem
191 1023 348 1087 tricesima
367 1023 578 1089 Horatianum
600 1047 671 1090 esse
692 1047 797 1111 neque
818 1033 925 1090 tamen
955 1049 997 1091 ex
1022 1027 1112 1092 fastis
1138 1028 1191 1094 Iu·

105 1118 206 1185 daicis
237 1122 417 1208 repetitum.
468 1122 566 1189 Totus
594 1126 678 1190 enim
704 1125 816 1190 Aristii
841 1126 940 1190 Fusci
965 1125 1091 1191 habitus
1117 1149 1189 1214 per-

104 1241 201 1305 quam
233 1230 280 1285 est
310 1222 453 1287 festivus.
509 1222 682 1311 Postquam
713 1218 848 1290 Horatio
880 1226 978 1290 variis
1012 1226 1190 1293 rationibus

104 1318 308 1385 clandestinis
330 1321 371 1387 ab
393 1322 571 1407 importuno
594 1323 718 1389 assecla
739 1346 812 1390 sese
833 1324 1005 1390 liberatura
1030 1348 1095 1391 non
1121 1327 1188 1415 opi-

103 1419 218 1484 tulatus
241 1429 296 1504 est,
324 1430 482 1486 secretum
510 1421 607 1487 etiam
639 1423 844 1510 colloquium,
877 1424 962 1510 quod
992 1425 1062 1511 ipse
1094 1435 1190 1493 antea

105 1520 197 1607 petiit
216 1519 271 1585 vel
290 1522 420 1608 petiisse
441 1521 555 1605 fertur,
579 1544 651 1587 eam
672 1522 713 1588 ob
743 1546 872 1588 causam
903 1523 1070 1609 detrectat,
1102 1526 1189 1612 quod

103 1618 199 1685 hodie
220 1621 381 1685 tricesima
401 1621 463 1685 sint
483 1620 627 1686 sabbata
662 1623 735 1703 Qua
756 1623 960 1688 excusatione
981 1638 1076 1689 mere
1090 1626 1186 1692 simu·

102 1718 167 1784 lata
186 1719 349 1808 improbus
371 1720 462 1784 simul
475 1721 648 1807 permultos
659 1722 856 1787 'Iudaeorum
871 1722 939 1788 dies
954 1724 1051 1789 festos
1065 1724 1186 1811 irridet,

101 1820 146 1884 ita
166 1828 201 1884 ut
219 1842 337 1884 nomen
358 1821 516 1885 tricesimo
541 1821 637 1907 plane
664 1822 815 1886 ficticium
844 1821 890 1886 nil
920 1823 982 1887 nisi
1013 1825 1186 1910 maximam

102 1921 228 2007 copiam
250 1927 281 1984 et
301 1919 429 1984 sabbata
451 1928 579 1984 cunctos
602 1920 670 1985 dies
692 1922 788 1985 festos
809 1943 871 1986 nec
893 1921 993 1986 solum
1014 1923 1184 2011 septimum

101 2021 253 2104 cuiusque
273 2018 483 2085 hebdomadis
505 2020 591 2084 diem
613 2019 791 2107 designent.
1186 2019 1190 2026 ’

98 2169 130 2220 V.
147 2169 188 2221 tt.
205 2183 262 2234 sqq.
999 2170 1058 2238 Ego
1075 2185 1137 2223 vero

297 2250 429 2316 Oppono
448 2251 605 2302 auriculam.
632 2252 712 2316 Rapit
728 2252 756 2301 in
771 2252 821 2315 ius,
838 2252 937 2303 olemor
952 2253 1088 2320 utrimque,

293 2333 415 2400 Undique
432 2349 584 2385 concursus:
601 2334 640 2384 sic
656 2350 697 2384 me
714 2336 827 2386 servavit
842 2335 968 2401 Apollo.

181 2485 252 2550 Fea
272 2484 406 2550 verbum
427 2475 546 2570 oppono
566 2481 608 2548 ab
629 2481 691 2548 hoc
711 2482 782 2549 loco
802 2484 876 2549 ideo
896 2483 1037 2549 alienum
1056 2491 1180 2571 putans,
1243 2491 1245 2494 ⁴

96 2584 182 2670 quod
200 2592 295 2672 poeta
314 2606 379 2649 non
399 2583 564 2665 restiterit,
585 2581 644 2648 sed
673 2583 848 2649 auriculam
875 2583 955 2648 ultro
981 2582 1178 2670 libenterque
1231 2578 1238 2585 ”
1301 2617 1303 2621 r

95 2684 259 2767 obtulerit,
291 2707 333 2748 ex
361 2682 484 2748 duobus
510 2681 606 2747 MSS.
635 2706 756 2770 appono
786 2685 917 2771 recepit.
960 2681 1026 2747 Sed
1057 2705 1178 2770 appono

95 2785 267 2849 conculam
286 2804 390 2868 neque
413 2790 461 2847 est
490 2782 570 2866 ultro
601 2781 785 2868 latenterque
816 2785 912 2870 offam
944 2783 1116 2848 ousiadum
1147 2790 1178 2847 et

93 2905 208 2948 vereor
229 2881 320 2964 adeo,
342 2890 376 2946 ut
396 2881 450 2945 hic
471 2881 597 2944 omnino
618 2879 724 2946 locum
746 2903 914 2968 capessere
935 2889 1041 2967 queat.
1076 2881 1175 2946 Nam·

94 3003 156 3068 que
177 3004 298 3067 appono
319 2981 490 3045 auriculam
512 2971 688 3063 antestanti,
711 2981 765 3066 qui
792 2980 878 3045 illam
902 2980 1014 3064 vellat,
1040 3002 1077 3044 re
1104 2981 1176 3068 ipsa

92 3081 307 3166 redarguitur,
334 3078 590 3165 quandoquidem
616 3081 794 3166 appositam
816 3078 992 3144 auriculam
1013 3086 1174 3144 antestans

91 3202 156 3245 non
177 3178 310 3265 amplius
332 3177 451 3244 vellere
472 3185 587 3264 potest.
630 3177 743 3264 Itaque
764 3178 930 3265 vulgatum
951 3184 1069 3265 oppono
1091 3177 1125 3262 (i.
1142 3199 1171 3244 e.

92 3281 211 3344 oboima
223 3279 319 3364 pono)
338 3276 590 3342 conservandum
604 3298 784 3362 censemus,
801 3277 887 3363 quod
901 3287 950 3342 est
965 3277 1172 3363 gratificantis

90 3401 152 3444 nec
174 3379 380 3462 adversantis,
401 3400 478 3442 nam
498 3377 569 3462 quis
591 3384 685 3462 queat
707 3377 802 3462 etiam
821 3377 963 3442 auricula
983 3375 1171 3443 adversari?

172 3479 213 3544 V.
237 3479 286 3543 78.
308 3487 403 3566 poeta
422 3477 542 3565 pariter
564 3484 659 3562 atque
681 3476 787 3542 Oarm.
803 3477 847 3562 H,
870 3478 898 3562 7,
922 3476 970 3542 13.
993 3499 1040 3563 sq.
1061 3475 1106 3558 ΙΙ,
1122 3475 1170 3560 17,

88 3579 139 3644 27.
162 3600 231 3664 sqq.
252 3578 319 3659 III,
347 3579 383 3659 4,
410 3577 439 3642 9.
462 3598 530 3662 sqq.
557 3599 658 3662 genus
683 3577 891 3643 Homericum
918 3576 961 3662 (e.
989 3598 1017 3641 c.
1043 3575 1081 3641 Il.
1108 3574 1169 3658 HI,

88 3679 159 3742 380.
182 3699 251 3763 sqq.
273 3678 313 3761 V,
334 3678 384 3741 23.
406 3676 478 3742 318.
500 3675 571 3741 344.
594 3698 641 3762 sq.
663 3676 735 3742 445.
758 3700 805 3763 sq.
827 3677 905 3760 XX,
925 3676 997 3745 443.
1026 3673 1089 3761 sq.)
1119 3695 1168 3738 se·

88 3786 201 3865 quutus
230 3785 290 3860 est,
318 3784 510 3863 quapropter
534 3798 607 3841 eum
628 3776 671 3842 ad
689 3776 846 3863 Apollinis
874 3784 1010 3840 statuam
1036 3775 1070 3838 in
1097 3773 1167 3839 foro

87 3899 187 3965 prope
209 3875 348 3941 tribunal
367 3876 502 3962 positam
523 3876 704 3962 respexisse
726 3898 823 3962 seque
845 3876 950 3962 gratia
964 3874 1054 3961 quasi
1067 3871 1166 3960 Apol-

85 3978 158 4042 linis
179 3976 326 4059 forensis,
346 3974 503 4040 Bolanum
523 3974 653 4040 tandem
678 3977 712 4040 in
736 3976 786 4040 ius
812 3975 981 4062 rapientis,
1007 3980 1167 4038 servatum

85 4077 290 4165 praedicasse
311 4097 376 4140 non
398 4074 598 4140 crediderim.
633 4074 746 4161 Neque
766 4074 946 4163 Apollinem
966 4071 1053 4139 mala
1074 4093 1165 4138 aver-

84 4186 271 4244 runcantem
283 4173 504 4258 intellexerim,
518 4174 577 4240 sed
588 4197 719 4263 prorsus
734 4169 890 4258 eumdem,
905 4196 1001 4265 quem
1014 4172 1164 4239 Horatius
