2678 4642
363 237 397 286 nr
418 236 608 286 surmmuu
627 236 756 287 amnon
775 237 909 286 ramum
1139 220 1176 284 u

88 399 116 485 Ι,
138 399 168 484 3,
190 400 273 486 28.),
294 403 567 487 circumcurrentes,
585 404 681 491 falso
709 403 862 486 adulatio,
885 401 965 486 alia,
995 401 1036 468 de
1062 400 1179 488 quibus

89 499 156 566 iam
176 500 317 568 Thomas
338 501 555 590 Wopkensius
576 502 678 569 Lectt.
701 503 784 568 Tull.
805 526 837 590 p.
860 503 932 568 266.
955 501 1137 591 disputavit.

88 650 120 703 V.
138 653 178 704 15.
196 667 253 719 sqq.
516 653 567 704 duo
585 653 608 704 si
625 652 755 703 discordia
770 656 865 703 vexet
881 653 975 703 inertes

285 734 339 786 Aut
355 735 378 784 si
395 735 541 800 disparibus
558 735 676 786 bellum
692 735 824 799 incidat,
842 740 876 785 nt
891 734 1037 786 Diomedi

287 818 363 868 (ium
378 818 477 882 Lycio
496 818 634 882 Glauco,
652 818 797 869 discedat
813 818 952 886 pigrior,
968 817 1055 869 ultro

285 899 475 952 Muneribus
491 901 614 968 missis)
633 935 733 949 ...-

171 996 283 1064 Verba
303 1022 416 1064 vosoro
438 1007 470 1063 et
488 1022 612 1065 aurore
633 1022 654 1065 a
674 999 813 1066 librariis
842 999 1026 1085 frequenter
1048 997 1181 1062 confusa

88 1105 170 1182 sunt,
191 1120 224 1163 v.
247 1120 275 1163 e.
298 1097 405 1164 Germ.
426 1097 471 1181 Π,
492 1099 521 1182 9,
543 1100 572 1163 3.
609 1098 1061 1184 sat.1,8,19.11,3,24u
1097 1096 1179 1162 lude

90 1196 153 1262 hoc
167 1219 294 1284 quoque
309 1197 379 1263 loco
394 1197 428 1261 in
442 1196 524 1263 Cdd.
538 1207 603 1263 tam
616 1212 704 1265 occet
718 1221 813 1286 quam
827 1211 927 1264 auset
937 1197 1103 1285 reperitur.
1123 1196 1179 1261 Al-

91 1304 195 1362 terum
215 1318 294 1363 vero
320 1297 462 1383 spurium
483 1306 515 1361 et
534 1306 700 1386 tantopere
721 1297 877 1364 absonum
898 1306 961 1382 est,
983 1304 1178 1383 quantopere

89 1409 178 1462 vocet
198 1397 399 1480 concinnum,
418 1397 538 1460 'etenim
557 1399 686 1464 inertem
704 1421 829 1463 vereare
850 1397 1009 1484 significat
1023 1404 1078 1460 aut
1097 1397 1177 1461 iuer-

90 1508 150 1562 tem
170 1496 316 1579 excitare,
337 1496 496 1561 caueatur
518 1494 562 1580 (v.
585 1495 653 1562 Sat.
674 1496 718 1580 Π,
741 1496 769 1580 l,
791 1496 856 1580 94.)
878 1505 933 1562 aut
960 1497 1104 1560 iueooom
1126 1497 1180 1580 fo·

91 1618 174 1678 cere,
204 1615 338 1680 quarum
363 1594 630 1681 significationum
656 1604 769 1661 neutra
795 1595 858 1676 huc
886 1595 1030 1681 quadrat.
1074 1594 1180 1675 Quam

90 1702 200 1781 aptum
226 1703 333 1759 autem
358 1695 399 1760 sit
423 1708 524 1780 uocet,
546 1695 650 1760 elucet
675 1718 717 1760 ex
742 1694 846 1781 Epist.
874 1695 901 1778 I,
930 1695 978 1780 18,
1006 1694 1057 1759 98.
1083 1693 1128 1778 Π,
1148 1693 1180 1777 2,

91 1793 142 1859 90.
164 1791 208 1858 el.

171 1891 283 1958 Verba
297 1914 366 1979 sqq.
386 1893 494 1958 bellom
506 1893 635 1976 riom‘dot,
650 1907 685 1958 ut
697 1893 847 1959 Diomedi
858 1916 926 1958 oum
939 1892 1037 1980 Lycio
1050 1890 1178 1974 Glauco,

91 1990 232 2057 dr'ooedot
253 1993 392 2080 pipo-ior,
418 1993 499 2057 ultro
524 1994 702 2058 maumites
728 1994 833 2058 missio
853 2013 984 2076 vereor,
1012 2013 1054 2055 ne
1077 1990 1179 2055 critici

91 2092 185 2155 nimis
206 2093 365 2178 patienter
385 2091 521 2156 tulerint.
560 2092 701 2158 Primum
721 2092 814 2158 nobis
837 2091 984 2179 displicet
1004 2091 1113 2155 tellum
1132 2090 1179 2154 io·

92 2190 186 2274 cidot,
207 2191 408 2276 quodmodo
429 2215 460 2256 v.
485 2192 533 2255 11.
557 2191 734 2257 adhibitum
754 2214 819 2257 non
840 2200 889 2256 est
909 2191 1089 2278 elegantiae
1110 2187 1177 2253 Ho'·

91 2291 245 2355 ratianae.
288 2289 628 2375 cfr.adsat.11,3,
652 2292 722 2357 113.
763 2291 893 2357 Deinde
914 2291 957 2357 ad
977 2292 1090 2355 inertes
1108 2286 1178 2352 nul-

92 2388 157 2454 lum
179 2388 358 2476 exemplum
378 2398 475 2476 poeta
495 2390 627 2475 addidit,
650 2414 706 2457 cur
726 2391 824 2477 igitur
845 2391 989 2478 dispares
1003 2389 1179 2477 specimine

92 2489 231 2575 quodam
257 2489 485 2554 illustraverit?
509 2489 611 2555 'Tum
635 2491 740 2578 ipsum
761 2491 943 2578 exemplum
965 2491 1032 2554 eius
1055 2497 1101 2553 est
1122 2509 1179 2575 ge·

92 2591 188 2674 neris,
210 2597 244 2654 ut
263 2590 447 2676 perversius
469 2587 567 2655 adiici
586 2612 652 2656 non
672 2599 790 2678 posset.
827 2591 954 2677 Nempe
976 2588 1116 2654 Glaucus
1137 2586 1180 2653 ab

93 2689 235 2754 Homero
256 2688 294 2753 ΙΙ.
309 2688 368 2773 VI,
384 2689 453 2752 123.
469 2710 539 2776 sqq.
556 2698 587 2754 et
601 2691 672 2755 207.
688 2712 757 2776 sqq.
772 2691 962 2777 fortissimus
984 2687 1100 2753 dicitur
1119 2687 1178 2751 mi-

93 2790 242 2874 nimeque
270 2789 364 2875 piger
387 2787 489 2854 miles.
531 2789 631 2855 Porro
660 2790 688 2854 si
709 2789 850 2855 Glaucus
871 2788 1031 2854 Diomede
1051 2787 1181 2875 pigrior

95 2888 281 2975 appellatur,
293 2889 422 2975 pi'prum
433 2889 530 2953 etiam
542 2889 734 2953 Diomedem
748 2890 845 2954 fuisse
859 2910 993 2968 necesse
1008 2896 1064 2951 est.
1097 2886 1181 2950 Tum

95 2987 236 3054 Glaucus
256 3009 361 3072 neque
382 2988 505 3074 pigrior
526 2987 671 3052 discessit
690 3009 752 3052 nee
772 2987 852 3053 ultro
875 2979 963 3053 dona*
975 2985 1071 3070 dedit,
1091 3007 1179 3050 nam-

95 3107 158 3172 que
186 3108 284 3152 causa
305 3088 486 3151 certaminis
508 3109 529 3151 a
548 3086 707 3152 Diomede
730 3095 761 3152 et
781 3086 904 3152 Glauco
925 3085 1096 3172 intermissi
1115 3105 1181 3148 non

96 3195 164 3251 erat
190 3187 336 3270 ignavia,
363 3186 422 3251 sed
448 3186 533 3272 quod
558 3187 641 3251 inter
665 3187 803 3251 maiores
828 3209 943 3264 eorum
958 3188 1183 3252 intercesserat

94 3284 274 3373 hospitium.
316 3286 430 3372 Neque
452 3285 603 3370 Glaucus,
624 3286 682 3351 sed
700 3286 877 3353 Diomedes
897 3309 962 3373 non
983 3286 1085 3352 solum
1104 3281 1183 3348 illud

97 3395 272 3469 certamen,
306 3408 419 3450 verum
450 3384 673 3473 quodcumque
705 3387 801 3452 etiam
832 3388 989 3474 posterius
1023 3384 1182 3467 dissuasit,

95 3494 129 3550 ut
154 3493 285 3549 testatur
310 3485 469 3550 Homerus
494 3486 533 3551 H.
559 3486 623 3569 VI,
650 3486 721 3550 226.
751 3508 820 3573 sqq.
861 3486 1012 3573 Denique
1040 3485 1181 3550 Glaucus

96 3584 184 3650 nulla
210 3607 344 3650 munera
369 3585 473 3671 dedit,
500 3585 558 3651 sed
583 3608 655 3650 cum
676 3585 843 3650 Diomedis
866 3587 962 3652 armis
984 3608 1042 3651 sua
1061 3593 1182 3650 tantum

96 3686 289 3771 permutavit
309 3694 402 3771 atque
423 3684 516 3750 huius
538 3685 633 3750 etiam
654 3687 892 3772 permutationis
908 3695 1018 3751 auctor
1031 3686 1089 3750 fuit
1102 3685 1181 3748 Dio·

96 3783 207 3849 medes
232 3807 293 3849 nec
320 3784 471 3850 Glaucus.
513 3787 651 3851 Putasne
679 3785 791 3871 igitur,
817 3794 944 3872 poetam
964 3785 1098 3850 Homeri
1119 3792 1182 3848 stu·

97 3883 311 3949 diosissimum
337 3883 387 3968 (v.
415 3884 517 3970 Epist.
539 3885 570 3969 I,
598 3884 642 3969 2.)
685 3884 853 3950 Diomedis
882 3893 914 3948 et
934 3883 1051 3949 Glauci
1072 3904 1181 3947 exem·

96 3983 184 4070 plum
210 3985 337 4048 omnino
364 3983 541 4048 effudisse?
582 3985 655 4050 Non
683 4007 761 4071 ego,
789 4007 865 4050 nam
885 3983 963 4049 illud
983 3998 1017 4048 ot
1037 3982 1187 4048 Diomedi

99 4107 167 4149 eom
192 4085 291 4170 Ispoio
319 4082 436 4149 Glauco
464 4091 607 4170 apertum
636 4093 684 4150 est
709 4086 1023 4171 interpretamentum
1049 4082 1182 4148 ludima·
1238 4141 1240 4147 ,

98 4183 190 4272 gistri
211 4181 378 4250 eundum
397 4183 542 4267 Romani,
565 4204 627 4270 quo
640 4184 809 4250 Horatium
829 4184 1074 4271 locupletaturus
1090 4180 1184 4248 simul
