2678 4642
382 223 418 271 m
438 221 628 272 snrmsaun
648 223 777 272 annun
797 223 929 272 rentum
1158 206 1201 271 79.

112 389 200 456 fectu
227 386 357 477 epitheti
381 387 569 477 reprobatur
596 387 774 475 longiorem
806 389 987 455 comitatum
1017 387 1198 474 indicantis,

114 489 202 575 quod
223 489 323 553 omitti
342 510 407 553 non
427 497 565 576 poterat,
588 490 664 574 quia
683 489 824 554 Bolanus
845 489 1014 554 Horatium
1034 488 1198 574 hucusque

112 590 177 655 iam
197 596 407 675 prosequutus
429 597 506 652 erat.
541 588 581 652 In
602 587 815 674 subsequente
830 597 936 653 autem
950 589 1198 673 interrogatione

114 687 252 753 Orellius
273 689 345 753 tino
366 710 644 775 supervacaneum
665 687 875 771 existimabat,
897 688 1105 774 quamobrem
1126 711 1199 753 cum

112 787 256 876 pluribus
278 788 395 853 criticis
425 789 613 875 composuit:
633 811 809 873 persequar
835 788 915 870 deae,
945 812 1004 874 quo
1030 811 1112 853 auae
1138 790 1199 852 a‘ter

113 901 158 952 est
178 889 244 952 tibi.
279 887 319 952 In
340 909 405 974 qua
423 896 530 952 tamen
553 887 767 952 enuntiatione
788 908 852 951 non
866 887 966 952 solum
980 888 1052 952 delae
1065 887 1198 974 perinde

115 975 251 1052 otiosum
273 986 398 1051 censeri
418 995 530 1074 potest,
553 986 610 1051 sed
630 994 696 1050 tota
711 985 792 1050 adeo
807 987 1020 1074 appendicula
1038 988 1118 1070 deae,
1139 1010 1199 1074 qao

114 1110 196 1150 auae
216 1088 276 1151 der
297 1099 342 1151 est
362 1087 429 1151 tibi.
461 1086 554 1151 Haec
574 1107 652 1150 vero
673 1084 776 1150 verba
795 1086 1017 1172 interrogantis
1037 1087 1135 1151 fuisse
1158 1109 1200 1151 ex

114 1185 241 1250 Horatii
261 1206 414 1273 response
444 1185 618 1271 (quemdam
644 1185 712 1249 volo
739 1187 838 1250 visere
866 1185 942 1271 etc.)
970 1184 1085 1270 elucet,
1114 1185 1200 1274 quod

114 1286 183 1350 sine
205 1285 320 1368 dubio,
342 1306 438 1371 quum
457 1283 580 1349 Bolano
601 1283 647 1348 nil
668 1284 804 1371 amplius
824 1285 1053 1372 respondisset,
1074 1286 1200 1351 nonnisi

114 1383 277 1470 sigillatim
296 1392 427 1471 rogatus
455 1383 552 1448 dedit.
594 1384 768 1449 Praeterea
793 1383 930 1449 hominis
957 1386 1113 1450 acerrime
1142 1386 1198 1451 ad·

114 1483 331 1548 haerescentis
354 1492 385 1548 et
403 1483 573 1548 Horatium
600 1483 679 1547 nihil
700 1487 839 1549 curantis
866 1485 1078 1571 impudentia,
1104 1485 1200 1550 modo

114 1583 223 1649 verbis
244 1584 291 1648 ait
310 1585 388 1670 apale,
409 1607 504 1669 usqae
525 1584 638 1667 tenebo,
659 1583 829 1670 persequar
856 1583 1032 1668 declarata,
1059 1586 1201 1672 protinus

116 1683 244 1748 adiecta
265 1684 450 1769 quaestione
471 1683 543 1747 diae
564 1707 623 1769 quo
643 1706 725 1748 auae
745 1686 804 1748 iter
825 1696 870 1747 eat
894 1683 974 1748 tibi?
1004 1692 1111 1771 utpote
1137 1705 1202 1770 qua

115 1781 241 1868 longior
267 1781 398 1868 quidam
424 1782 592 1846 comitatus
618 1783 684 1846 iam
710 1783 902 1848 certissimus
929 1783 1099 1868 indicetur,
1126 1793 1201 1871 apte

117 1882 305 1967 adaugetur.
348 1881 499 1946 Ceterum
519 1882 591 1946 diac
611 1903 676 1946 non
696 1883 799 1968 magis
820 1880 972 1947 hocloco
994 1904 1090 1968 quam
1109 1885 1200 1949 innu-

116 1982 213 2046 meris
235 1981 304 2045 aliis
326 1979 478 2045 abundat.
521 1980 562 2045 V.
585 1980 652 2044 Sat.
674 1981 700 2065 I,
722 1981 752 2066 5,
772 1981 824 2046 47.
847 1982 897 2047 50.
921 1981 970 2046 71.
992 1982 1043 2048 86.
1065 1983 1107 2049 al.

117 2097 148 2150 V.
166 2099 206 2150 22.
224 2112 262 2163 sq.
318 2096 350 2147 Si
366 2097 444 2146 bene
460 2111 506 2146 me
523 2097 609 2159 novi,
626 2113 679 2147 non
695 2098 801 2148 Viscum
817 2097 899 2164 pluris
916 2099 1034 2163 amicum,

313 2179 373 2230 Non
390 2180 497 2231 Varium
513 2179 595 2229 facies
611 2210 694 2220 ----

199 2294 285 2359 Mira
318 2293 460 2386 profecto
492 2295 651 2360 modestia
682 2296 746 2360 oris
778 2296 898 2384 alioqui
928 2297 1202 2385 impudentissimi,

118 2396 235 2460 etenim
256 2395 360 2459 statim
382 2395 428 2458 ita
448 2391 617 2480 gloriatin:
645 2398 715 2481 qudo
740 2420 787 2462 me
808 2398 942 2462 scribere
958 2399 1066 2486 plures
1087 2411 1141 2462 aut
1161 2400 1203 2464 α’·

116 2497 180 2559 taire
198 2495 303 2582 possit
329 2518 451 2577 versus,
480 2495 551 2580 queis
578 2496 723 2560 membra·
738 2520 858 2562 raonem
881 2497 1024 2562 melleae?
1059 2497 1205 2563 Iaoa‘deat

116 2594 200 2679 quod
219 2607 248 2658 et
267 2593 488 2681 Ilermopeaes,
511 2617 565 2681 epo
588 2609 686 2660 caato.
731 2595 817 2677 Quid
837 2598 967 2684 insuper
986 2597 1141 2663 attinebat
1161 2597 1204 2663 ad

116 2692 297 2778 Horatium,
326 2694 354 2758 si
374 2693 514 2758 Bolanus
535 2693 619 2759 bene
640 2717 675 2760 se
700 2696 856 2760 noverat?
898 2696 983 2760 Num
1008 2696 1068 2781 illi,
1095 2698 1123 2762 si
1149 2697 1203 2763 hic

118 2791 202 2857 bene
224 2815 258 2857 se
280 2802 427 2877 noverat,
450 2793 625 2879 quidquam
645 2804 715 2859 erat
734 2795 943 2860 faciundum?
984 2795 1101 2884 Apage
1124 2818 1202 2882 ergo

117 2892 269 2956 ficticiam
289 2894 382 2957 istam
402 2891 581 2978 falsamque
608 2892 797 2958 modestiam
824 2903 855 2959 et
883 2903 1057 2960 contortam
1086 2898 1202 2962 oratio-

119 3013 194 3055 nem
214 2993 263 3056 sic
282 3011 409 3056 mecum
430 2991 570 3077 corrige:
595 2993 628 3058 ai
644 2992 717 3058 deae
736 2991 864 3059 lanuvi.

118 3106 149 3159 V.
166 3109 207 3160 26.
224 3123 281 3175 sqq.
941 3109 990 3161 Est
1005 3110 1054 3161 tibi
1069 3115 1158 3177 mater,

315 3206 436 3273 Cognati,
453 3206 513 3272 quis
529 3209 556 3257 te
572 3206 645 3258 salio
663 3211 703 3258 est
719 3209 802 3274 opus?
818 3207 898 3260 Haud
914 3207 977 3259 milri
993 3211 1137 3277 qnisquam,

315 3289 413 3340 Omnes
430 3290 572 3355 composui.
605 3290 746 3359 Felices!
762 3306 845 3342 nunc
861 3306 917 3360 ego
934 3297 1028 3344 resto.

315 3372 421 3424 Confice
437 3400 521 3414 --

202 3470 314 3537 Verba
336 3473 474 3559 felices!
502 3496 585 3538 auae
615 3495 671 3561 epo
701 3485 783 3538 reato
812 3471 936 3539 Bolano
968 3474 1119 3541 attributa
1143 3476 1206 3544 hoc

120 3569 313 3655 significant:
336 3572 453 3658 felices
477 3597 533 3638 vos
557 3574 622 3638 iam
647 3573 804 3638 mortuos!
829 3597 911 3638 auae
942 3597 997 3662 epo
1023 3589 1104 3641 resto
1124 3578 1205 3664 alefe-

119 3671 176 3736 lr'a.
220 3669 264 3734 Ut
291 3681 397 3736 autem
423 3671 477 3737 ille
508 3681 647 3737 mortuos
681 3672 931 3759 praedicaverit,
964 3674 1068 3740 eidem
1098 3683 1206 3743 tamen

122 3769 353 3857 querimoniam
374 3793 452 3836 suae
480 3773 574 3838 sortis
600 3794 698 3858 aegre
724 3771 907 3858 largiamur.
948 3772 1035 3838 Dein
1061 3775 1207 3841 omnibus

122 3871 267 3955 cognatis
288 3871 353 3934 iam
375 3873 507 3936 mortuis
528 3893 592 3936 non
614 3880 691 3956 erat,
714 3894 770 3936 our
783 3872 940 3936 Bolanum
961 3871 1066 3938 adhuc
1085 3883 1206 3940 restare

122 3969 285 4034 enucleate
308 3969 489 4035 adderetur.
534 3971 605 4052 Quo
626 3972 660 4036 in
681 3972 896 4037 additamento
924 3972 1020 4036 etiam
1041 3997 1122 4037 aona
1147 3973 1205 4040 fal·

121 4091 191 4133 sum
213 4078 274 4154 est,
297 4071 373 4156 quia
393 4068 446 4134 ille
472 4091 537 4134 non
557 4093 642 4136 nunc
663 4071 805 4155 demum,
831 4069 890 4136 sed
917 4093 960 4135 ex
980 4092 1043 4156 quo
1063 4071 1207 4140 ultimum

121 4178 329 4256 cognatorum
360 4178 596 4259 composuerat,
630 4171 695 4236 iam
729 4170 879 4239 restabat.
931 4169 1082 4261 Denique
1110 4174 1213 4242 etiam
