2678 4642
133 227 194 291 140
561 236 797 286 eoumcrnam

131 408 262 474 modum
288 404 488 472 monstravit.
530 402 633 469 Recta
658 403 832 469 verborum
862 403 1095 468 constructione
1107 451 1116 485 ,
1146 422 1231 489 quae

136 507 266 595 quidem
289 507 470 571 etiamnunc
491 502 577 568 maia
604 502 805 568 distinctione
827 503 945 587 latitat,
973 524 1037 567 non
1064 511 1231 589 percepta,

134 608 228 693 quasi
249 607 400 692 seriptum
422 602 584 690 quoddam
604 604 717 667 tironis
749 625 934 690 expurgans
961 625 1020 667 suo
1046 601 1153 667 Marte
1182 625 1231 666 oe-

132 708 194 773 lutr'
211 704 240 772 si
268 704 428 770 substituit
456 715 551 789 atque
573 701 635 768 hoc
657 726 678 768 a
698 703 867 768 Fundanio
889 703 1009 767 dictum
1029 701 1136 766 finxit:
1170 701 1233 767 Ni-
1307 772 1311 783 ,

131 806 179 871 tit
197 829 236 869 ea
257 804 391 891 dapibus
411 816 552 891 poetasse
574 804 727 885 conuiuas,
742 803 879 890 perinde
899 827 937 867 aa
958 804 991 867 si
1007 803 1150 888 viperae,
1173 809 1232 866 aut

140 905 207 970 itta
220 906 317 991 peior
341 902 478 968 Canidia
499 926 552 967 eas
571 903 671 967 halitu
691 926 747 967 suo
773 904 943 989 infecisset.
974 900 1081 988 Atque
1104 900 1146 966 ob
1168 899 1233 965 hoc

135 1025 225 1068 mere
248 1004 505 1068 commenticium
527 1003 722 1066 enuntiatum
743 1004 823 1066 atris
850 1003 967 1067 rectius
997 1023 1066 1065 esse
1093 999 1234 1065 credidit

138 1125 234 1189 quam
255 1104 359 1190 Afris.
390 1101 476 1166 Unde
504 1103 598 1184 enirn,
620 1102 735 1187 inquit,
761 1102 875 1166 Mauri
896 1114 1051 1189 superstes
1078 1113 1164 1165 tanto
1184 1101 1234 1165 in·

137 1203 263 1267 terrulis
284 1226 392 1267 nocere
409 1203 460 1267 ln'c
472 1215 604 1287 possent
622 1225 678 1265 sno
700 1201 838 1288 afflatu?
871 1201 976 1282 Quam
992 1199 1234 1265 conclusionem

133 1322 255 1366 summo
288 1303 357 1366 iure
388 1302 454 1365 iam
474 1300 544 1365 Fea
571 1322 650 1366 vere
676 1296 892 1365 miserandam
921 1301 1011 1365 dixit
1052 1299 1235 1387 Perperam
1304 1371 1307 1377 ¹

134 1410 241 1466 autem
264 1423 389 1466 comma
410 1411 483 1487 post
504 1400 648 1488 afflasset
661 1399 821 1487 hodieque
835 1408 1041 1487 propagatur,
1061 1420 1136 1462 nam
1156 1420 1233 1486 pro-

133 1523 252 1566 nomen
273 1501 338 1564 idis
359 1500 469 1586 utique
491 1522 564 1564 cum
584 1501 777 1587 serpentibus
797 1501 893 1586 Afris
906 1498 1109 1565 reconciliari
1123 1491 1234 1582 debet,

135 1623 233 1688 quum
254 1599 334 1664 nihil
356 1598 444 1663 aliud
466 1621 563 1685 quam
585 1599 646 1664 hoc
669 1597 837 1685 eloquatus
859 1599 1123 1664 sit·Fundanius:
1149 1598 1236 1663 velut

126 1703 224 1786 peior
245 1699 311 1764 iliis
331 1700 523 1786 serpentibus
543 1700 640 1786 Afris
665 1698 801 1764 Canidia
831 1700 938 1763 omnia
963 1699 1113 1786 afflasset.
1154 1697 1233 1762 Dis-

134 1800 255 1864 iunctio
276 1798 450 1864 verborum
470 1799 536 1863 iliis
556 1799 749 1886 serpentibus
768 1800 865 1885 Afris
885 1799 1046 1862 neminem
1066 1796 1151 1862 male
1172 1797 1233 1862 ha·

134 1898 236 1983 bebit,
259 1899 321 1975 nisi
337 1900 392 1984 qui
405 1886 563 1985 permulta
576 1897 757 1986 hyperbata
770 1898 950 1963 Horatiana
970 1919 1035 1962 non
1050 1897 1234 1963 attenderit.

135 1997 202 2063 Otr.
224 1998 327 2084 Epist.
350 1997 393 2081 II,
418 2003 447 2080 1,
474 1997 546 2061 210.
575 2020 623 2083 sq.
665 1997 723 2062 Itte
744 2021 805 2083 per
834 2011 988 2062 eatenturn
1005 1999 1122 2084 funera
1152 1998 1239 2063 cnidi

131 2121 228 2183 posse
248 2097 371 2162 ridetur
391 2099 438 2161 ire
451 2110 558 2183 poeta.
581 2097 666 2162 Ibid.
688 2098 760 2162 221.
783 2119 832 2183 sq.
860 2121 956 2164 unum
976 2099 1009 2162 si
1026 2098 1096 2182 quis
1117 2099 1235 2163 arrico·

134 2221 208 2262 rura
229 2210 275 2261 est
296 2221 393 2278 ausus
413 2196 600 2282 reprendere
621 2217 750 2261 vamur.
774 2195 843 2285 Sat.
864 2197 891 2280 Ι,
915 2203 943 2280 l,
966 2196 1016 2261 78.
1039 2218 1087 2282 sq.
1108 2197 1258 2277 Horam,

137 2319 258 2382 seraper
279 2320 333 2384 epo
357 2297 493 2383 optarim
516 2298 742 2384 pauperrimus
769 2320 834 2361 esse
860 2297 1018 2361 donnum.
1045 2295 1072 2379 I,
1103 2296 1152 2379 10,
1180 2297 1234 2360 82.

136 2416 186 2481 sq.
207 2396 261 2459 An
282 2408 337 2460 tua
359 2394 482 2459 dernens
502 2397 618 2460 aedibus
638 2397 672 2460 in
694 2394 778 2460 ludr's
810 2395 930 2460 dictari
954 2397 1095 2460 carmina
1120 2394 1236 2461 malis?

134 2493 179 2578 Π,
200 2495 230 2578 3,
251 2493 323 2558 296.
339 2518 386 2580 sq.
409 2496 498 2560 Haec
518 2495 599 2560 rnr'di
610 2494 787 2578 Stertinius,
809 2497 984 2584 sapientum
998 2507 1132 2577 acturus,
1155 2497 1228 2560 arni

137 2618 172 2660 eo
195 2619 285 2658 arma
307 2593 402 2660 dedit.
439 2593 535 2658 Adde
556 2594 601 2658 sis
623 2592 730 2659 carm.
752 2594 778 2678 I,
800 2595 851 2678 20,
874 2596 924 2660 10.
946 2616 1016 2681 sqq.
1045 2593 1106 2678 III,
1128 2593 1180 2678 23,
1202 2594 1234 2659 9.

136 2715 207 2780 sqq.
228 2693 335 2780 Epod.
357 2694 450 2778 VIII,
475 2695 524 2758 11.
547 2715 593 2779 sq.
616 2692 721 2779 Epist.
743 2693 769 2777 Ι,
791 2694 821 2778 3,
845 2695 894 2760 18.
917 2716 965 2781 sq.
987 2693 1031 2777 11,
1053 2693 1082 2777 2,
1109 2693 1160 2758 21.
1184 2714 1234 2780 sq.

137 2803 169 2859 et
190 2815 273 2880 quae
295 2795 338 2860 ad
358 2793 429 2859 Sat.
455 2793 481 2877 Ι,
503 2793 533 2877 5,
556 2793 606 2857 72.
630 2793 850 2858 excitavimus.
878 2793 939 2858 Vis
967 2814 1045 2857 vero
1071 2795 1234 2881 pronomi-
1314 2824 1318 2837 ·

135 2896 186 2959 nis
207 2893 259 2958 ide
280 2893 334 2959 hic
356 2903 405 2959 est
434 2894 550 2958 eadem
576 2915 616 2958 ae
637 2891 705 2957 Sat.
727 2891 754 2977 Ι,
776 2893 806 2976 2,
828 2893 879 2958 55.
906 2894 1083 2975 Marsaeus,
1110 2905 1237 2981 anaor

141 2992 283 3082 Oriqr'nis
303 2995 366 3060 ille.
388 2993 415 3078 I,
437 2995 467 3077 3,
489 2994 519 3058 3.
542 3015 589 3080 sq.
613 2991 736 3058 Sardus
755 2993 886 3057 habebat
910 2992 962 3057 ille
988 2991 1139 3081 Tiqeliins
1164 2993 1235 3059 itae.

136 3092 180 3177 Π,
203 3093 232 3177 3,
255 3093 306 3158 21.
328 3095 420 3180 vafer
446 3094 498 3158 ille
519 3145 618 3156 ..-.
640 3091 801 3178 Sisyphus.
830 3091 934 3179 Epist.
957 3091 1000 3176 H,
1029 3093 1057 3176 1,
1084 3092 1156 3157 232.
1183 3114 1235 3179 sq.

135 3193 189 3260 ille
222 3191 390 3258 Choerilus.
419 3193 570 3278 Denique
598 3213 792 3278 praegresso
817 3192 899 3257 nihil
920 3192 965 3256 ita
992 3193 1096 3256 omnia
1127 3201 1237 3257 mente

142 3302 368 3381 contraponas,
390 3291 659 3378 quemadmodum
680 3292 810 3378 quisque
833 3291 1034 3356 antecedenti
1054 3314 1142 3356 nemo
1165 3289 1237 3357 Sat.

137 3390 164 3476 I,
188 3393 216 3457 1.
238 3393 341 3480 princ.
375 3390 498 3478 Quifit,
519 3392 702 3472 Maecenas,
731 3404 765 3455 ut
785 3415 888 3473 nemo,
917 3415 1010 3478 quam
1031 3391 1096 3456 sibi
1120 3403 1241 3458 sortem

137 3515 191 3556 seu
211 3493 293 3557 ratio
316 3490 437 3555 dederit
451 3492 592 3577 sensero
607 3491 760 3574 obiecerit,
778 3491 835 3556 rita
851 3503 1007 3557 contentus
1020 3491 1114 3574 vivat,
1130 3490 1240 3558 laudet

138 3590 264 3656 diuersa
285 3590 463 3677 sequentes?
1123 3614 1130 3623 ¹

602 3771 765 3795 ψ-

856 4158 1080 4169 m..-

343 4203 504 4253 areolam
524 4203 620 4251 'rma
640 4203 825 4253 sxraussl'r
847 4205 874 4253 S.
897 4203 1032 4252 lacent.
