2678 4642
375 231 411 278 ru
433 229 622 280 samareon
643 231 771 279 xmuuu
793 230 977 279 secuuntur
1162 196 1220 277 'lli

95 485 97 488 y
135 417 240 482 neque
262 395 397 484 amplius
417 397 538 484 rapinis
558 394 686 462 heredis
707 398 814 483 perire
841 406 974 484 poterat
1017 394 1111 459 Unde
1130 417 1221 481 pere-

134 520 220 560 amue
239 495 371 561 nothum
392 505 423 561 et
435 521 623 583 pereamque
643 497 855 562 Horatianum
877 519 948 561 esse
970 496 1126 561 clarescit.

133 629 164 680 V.
184 630 239 680 161.
257 644 313 694 sqq.
334 631 394 680 Non
410 633 450 679 est
466 630 609 693 cardiacus,
627 630 761 680 Craterum
778 629 874 679 dixisse
890 634 989 694 putato,

329 713 381 762 Hic
397 728 487 778 aeger:
504 718 573 762 recte
590 718 630 763 cst
645 714 725 779 igitur
741 714 899 778 surgetqu'e?
926 713 1047 778 Negabit,

330 795 422 858 Quod
438 795 526 846 latus
543 801 597 846 aut
613 811 704 846 rencs
722 796 828 845 morbo
846 797 1138 845 tentantur'acuto.

213 909 477 975 Rectenonnulli
498 911 602 975 critici
621 935 652 976 v.
677 911 747 976 163.
770 921 1006 998 expunxerunt,
1028 933 1124 996 quem
1146 910 1217 995 quis

133 1032 262 1075 causam
287 1010 469 1096 negationis
496 1009 623 1076 Crateri
649 1010 835 1097 desiderans
863 1033 906 1075 ex
930 1011 1036 1096 Epist.
1063 1010 1089 1093 I,
1113 1010 1142 1093 6,
1166 998 1216 1073 28.

81 1148 82 1152 =
131 1109 172 1176 Si
189 1110 270 1174 lutus
291 1123 346 1175 out
370 1134 461 1174 rerer
491 1111 596 1174 uuordo
629 1123 784 1194 teretuutur
815 1123 905 1175 acuto
937 1111 1005 1174 fere
1038 1110 1216 1195 descripsit.

131 1209 229 1274 Cuius
241 1211 369 1295 generis
384 1210 480 1274 fuerit
494 1209 709 1296 interpolator,
724 1208 877 1274 insulsum
893 1210 987 1274 docet
1002 1210 1216 1274 enuntiatum:

130 1311 162 1374 ei
181 1333 272 1396 aeqer
292 1329 354 1373 nou
374 1311 415 1373 sit
436 1309 611 1391 cardiacus,
633 1311 699 1374 eius
720 1310 801 1375 lutus
822 1322 876 1373 aut
895 1334 984 1373 renes
1000 1311 1105 1374 morbo
1127 1321 1216 1373 acuto

131 1411 253 1490 tereturr',
283 1430 360 1496 ergo
391 1418 455 1473 tres
487 1411 521 1473 in
551 1409 737 1473 universum
768 1409 897 1473 morbos
926 1431 1006 1473 esse.
1050 1407 1215 1474 Facillime

131 1518 241 1572 autem
262 1509 419 1594 peculiari
441 1508 581 1594 quadam
603 1531 701 1573 eausa
720 1509 900 1594 negationis
915 1507 1041 1573 Crateri
1059 1503 1214 1589 caremus,

131 1608 207 1692 quia
228 1631 363 1696 ueqruru,
386 1609 413 1672 si
435 1609 561 1673 nonsit
582 1609 765 1693 cardiacus,
788 1607 851 1672 alio
873 1630 916 1672 ex
935 1607 1047 1673 morbo
1068 1606 1214 1671 laborare

128 1708 363 1793 apertissimum
384 1708 520 1773 videtur.

126 1840 158 1890 V.
177 1841 233 1892 165.
251 1855 306 1906 sqq.
721 1841 816 1892 Verum
833 1841 985 1891 ambitiosus
1003 1846 1029 1891 et
1045 1841 1162 1890 audax:

325 1925 439 1990 Naviget
454 1923 612 1987 Anticyram.
646 1924 716 1986 Quid
733 1925 801 1973 enim
818 1925 910 1989 differt,
926 1923 1126 1976 barathrone

323 2007 435 2057 Dones
453 2006 578 2072 quidquid
595 2006 689 2069 habes,
706 2022 741 2056 an
757 2024 899 2074 numquam
915 2013 988 2058 utare
1005 2007 1119 2073 paratis?

210 2120 329 2186 Auduu
349 2121 411 2187 hoc
432 2120 502 2186 loco
524 2119 652 2187 nonest
673 2126 862 2206 temerarius,
885 2123 943 2188 sed
960 2125 1117 2210 superbus,
1133 2121 1214 2185 sicut

128 2217 243 2284 Catull.
266 2220 317 2305 50,
341 2222 389 2285 18.
406 2243 453 2306 sq.
496 2221 589 2285 Nurac
609 2222 718 2286 uuduu
740 2247 810 2287 euve
832 2225 877 2287 sio
893 2247 1060 2310 precesque
1079 2234 1211 2302 uestras,

126 2343 260 2402 oramus,
282 2344 355 2385 caue
377 2321 518 2406 despuas,
542 2321 642 2385 ocelle.
678 2322 719 2387 V.
744 2323 813 2386 166.
836 2344 883 2408 sq.
905 2323 1082 2409 pugnantia
1102 2342 1211 2385 secum

81 2413 86 2422 ’
124 2419 281 2484 frontibus
303 2419 447 2485 adversis
471 2422 646 2507 composita
667 2429 748 2505 sunt,
770 2419 1161 2507 quemadmodumEpod.
1183 2419 1210 2482 I.

126 2529 206 2583 extr.
229 2520 315 2584 haud
331 2543 494 2606 paravero,
517 2519 602 2606 quod
621 2534 675 2585 aut
696 2545 811 2586 auarus
831 2534 865 2585 ut
884 2521 1025 2588 Chremes
1040 2524 1210 2605 terru'pre·

123 2643 214 2701 ruem,
238 2619 408 2706 dr‘scirrctus
429 2632 484 2683 out
498 2620 633 2706 perdum
653 2644 757 2708 nepos.
800 2620 913 2706 Itaque
935 2620 1099 2707 vulgatum
1120 2621 1210 2684 buru-

124 2719 231 2783 tdroue
253 2719 354 2802 donee,
377 2721 398 2783 i.
416 2741 443 2783 e.
457 2742 587 2805 pereum
608 2721 663 2786 des
684 2743 740 2785 seu
747 2721 941 2808 profuudue,
958 2737 1052 2806 quam
1069 2720 1209 2784 maxime

124 2818 285 2881 sincerum
307 2829 356 2883 est
378 2826 409 2882 et
429 2842 483 2884 vv.
505 2818 537 2883 ll.
561 2820 720 2885 balatroue
740 2819 793 2885 vel
815 2821 972 2886 babutroui
997 2821 1090 2885 doues
1118 2816 1209 2883 nihili

123 2916 325 3003 pendendae.

122 3049 154 3101 V.
173 3051 227 3126 17¹1.
247 3065 286 3115 eq.
483 3048 625 3115 Postquam
642 3054 669 3100 te
685 3051 761 3113 talos,
777 3050 852 3115 Aule,
869 3066 1001 3118 nucesque
1112 3121 1114 3125 λ

319 3132 399 3181 Ferre
417 3131 476 3181 sinu
491 3131 559 3195 laxo,
577 3131 675 3182 donare
691 3140 717 3182 et
733 3133 845 3184 ludere
861 3135 916 3184 vidi
933 3152 1030 3164 --

209 3245 372 3312 Bentleius
398 3245 452 3313 vel
479 3258 606 3312 centum
632 3247 770 3313 librariis
802 3250 1016 3323 obnitentibus
1043 3249 1151 3315 aiebat
1176 3258 1208 3314 et

124 3346 348 3431 contendebat,
381 3347 548 3412 Horatium
574 3348 684 3431 pubere
704 3371 765 3413 nec
796 3349 901 3415 ludere
927 3350 1063 3415 dedisse.
1106 3350 1207 3435 Atqui

122 3447 228 3513 ludere
249 3445 302 3511 hio
324 3447 345 3510 i.
370 3468 401 3532 q.
415 3447 561 3532 perdere,
583 3449 629 3511 uti
649 3447 724 3513 Ter.
746 3448 873 3514 Phorm.
901 3449 945 3534 Π,
972 3451 1002 3534 2,
1032 3451 1080 3514 18.
1111 3472 1206 3535 opere

120 3546 240 3612 luditur
262 3555 293 3611 et
312 3545 405 3610 Mart.
423 3547 483 3630 HI,
506 3546 556 3630 25,
578 3547 608 3611 9.
630 3547 740 3612 iuditio
761 3551 865 3614 otium.
901 3550 1001 3614 Recte
1022 3550 1121 3636 igitur
1140 3550 1206 3613 iam

122 3646 284 3711 Gesnerus
307 3645 541 3711 animadvertit:
570 3645 672 3729 „Cura
690 3650 787 3735 qruui
804 3662 832 3713 et
853 3649 1025 3715 decretoria
1044 3650 1205 3715 seueritate

120 3771 180 3812 suu
201 3769 325 3831 operum
347 3747 397 3809 liic
417 3746 490 3810 lusit
511 3759 540 3810 et
555 3746 698 3832 perdidit
718 3772 849 3835 maquue
868 3749 1057 3814 Beutleiua.“

120 3864 152 3914 V.
172 3864 228 3915 182.
245 3878 301 3929 sqq.
324 3861 356 3911 In
373 3862 454 3910 cicere
472 3866 550 3927 atque
566 3863 630 3913 suba
647 3864 718 3915 bona
734 3869 763 3915 tu
779 3866 924 3931 perdasque
940 3865 1045 3931 lupinis,

315 3946 420 3995 Latus
436 3946 509 3995 utin
526 3946 594 3996 circo
613 3947 724 4011 spatiere
741 3953 771 3997 et
787 3963 884 3998 aeneus
900 3952 930 3998 ut
946 3953 1006 4011 stes,

317 4027 409 4078 Nudus
426 4029 504 4094 agris,
520 4030 607 4079 nudus
623 4030 742 4093 nummis,
758 4031 859 4095 insane,
874 4033 1006 4098 paternis?

317 4110 422 4161 Scilicet
437 4115 467 4160 ut
483 4111 600 4175 plausus,
619 4128 684 4178 quos
701 4114 751 4163 fert
766 4114 889 4181 Agrippa,
905 4114 974 4166 ierus
990 4119 1027 4180 tu,

315 4194 409 4244 Astuta
425 4194 567 4262 ingenuum
583 4195 675 4262 volpes
691 4197 791 4249 imitata
807 4197 915 4264 leonem.
998 4217 1001 4223 ’
