2678 4642
392 246 428 293 m
448 244 638 294 1111111111
659 246 787 294 emaum
808 245 940 321 smmum
1039 247 1042 250 ·
1169 229 1208 294 19

319 411 392 475 Quos
408 411 457 462 tibi
473 411 526 476 dat,
542 412 652 463 retinere
667 410 733 463 velis
750 425 906 477 servareque
922 410 1032 463 amicos:

317 494 412 545 Infelix
428 510 534 560 operam
550 496 653 560 perdas,
669 499 699 545 ut
715 495 738 545 si
754 495 812 560 quis
828 493 938 545 asellum

317 575 350 627 In
366 593 458 643 campo
477 577 569 628 doceat
585 582 718 644 parentem
735 592 837 628 currere
853 577 942 629 honis.

203 674 338 742 Praeter
357 676 522 764 vulgatum
543 689 576 741 at
596 677 629 741 si
645 677 680 742 in
701 674 784 742 cdd.
813 700 855 740 ou
875 676 919 759 ei,
947 698 986 741 ue
1011 677 1056 760 ai,
1081 700 1127 744 >aa
1152 677 1208 761 oie,
1268 717 1278 776 4

120 799 164 840 aa
183 776 241 860 qui
257 776 447 862 reperimus.
483 774 585 841 Nobis
604 774 717 840 horum
738 776 879 841 omnium
898 774 977 840 nihil
996 775 1111 862 placet,
1133 778 1210 863 quia

120 868 299 964 sententiae
320 875 396 940 inde
418 876 558 941 existunt
578 883 645 939 tum
665 873 746 962 plus,
766 884 834 940 tum
852 875 956 940 minus
969 875 1208 962 improbabiles.

121 972 311 1044 Lectionem
330 973 512 1060 vulgatam,
542 975 576 1039 in
598 996 662 1060 qua
690 973 895 1062 expedienda
918 974 1000 1040 uallo
1025 976 1130 1042 labore
1155 984 1216 1040 aut·

120 1073 216 1138 modo
238 1096 310 1138 cum
332 1073 442 1140 verbis
463 1075 595 1139 retinere
615 1097 796 1159 servareque
824 1073 1036 1160 coniungitur,
1063 1083 1118 1140 aut
1151 1085 1209 1144 aaa*

121 1188 215 1242 κοινοῦ
243 1174 383 1261 positum
414 1183 575 1257 censetur,
606 1181 738 1260 propter
769 1195 906 1259 sequens
938 1197 1064 1261 operam
1089 1176 1210 1262 perdas

121 1273 278 1338 absonam
310 1295 382 1339 esse
413 1275 478 1339 iam
508 1271 672 1338 Bentleius
698 1273 835 1357 monuit,
867 1272 971 1338 surdis
998 1273 1052 1339 ille
1078 1273 1209 1360 quidem

120 1370 252 1437 auribus
284 1395 419 1457 canens,
452 1374 512 1440 etsi
537 1373 592 1460 qui
619 1371 740 1436 nullum
766 1372 931 1460 impendat
956 1371 1113 1456 laborem,
1135 1395 1209 1440 eum

120 1491 253 1557 operam
272 1473 408 1559 perdere
429 1495 526 1560 posse
552 1471 724 1537 nemodum
746 1470 985 1538 demonstravit
1024 1471 1081 1538 Uti
1101 1481 1209 1538 autem

120 1569 225 1636 verba
244 1574 375 1638 retinere
394 1597 576 1659 servareque
603 1580 712 1638 notam
738 1571 910 1657 quamdam
936 1572 1090 1654 avaritiae
1114 1595 1209 1659 quam

120 1670 263 1738 maxime
285 1673 431 1759 exigunt,
452 1672 498 1737 ite
518 1671 635 1742 vocula
659 1672 692 1736 ai
714 1669 866 1735 facillime
892 1693 1059 1756 possumus
1086 1694 1208 1739 carere.

120 1767 164 1834 V.
181 1769 225 1834 ad
240 1771 306 1836 Sat.
322 1771 393 1856 Ι,4,
411 1771 460 1836 15.
495 1771 636 1836 Proinde
656 1771 727 1836 veri
748 1778 797 1834 est
817 1769 1019 1854 simillimum,
1040 1769 1209 1836 Horatium

122 1880 156 1932 at
176 1870 223 1933 sie
243 1891 305 1934 nec
327 1883 360 1935 at
380 1871 413 1935 ci
431 1893 594 1936 exarasse.
636 1868 804 1936 Vocabula
824 1871 871 1934 aio
892 1877 924 1934 et
942 1871 976 1935 ci
991 1871 1025 1934 in
1038 1869 1099 1936 Lb.
1111 1870 1208 1937 MSS.

123 1988 356 2054 saepenumero
378 1978 558 2057 permutata
580 1978 661 2054 sunt,
682 1993 713 2035 v.
730 1992 758 2034 c.
774 1968 842 2034 Sat.
857 1968 902 2052 II,
916 1969 947 2052 3,
965 1970 994 2035 1.
1010 1977 1042 2034 ct
1054 1969 1097 2054 Π,
1112 1970 1141 2054 8,
1156 1970 1207 2037 21.

121 2065 274 2132 Nostrum
294 2071 341 2133 a'e
361 2090 439 2134 vero
461 2069 622 2156 significat
642 2093 687 2152 ao,
709 2069 785 2134 ohne
815 2068 976 2152 liseiteres,
1005 2069 1207 2154 quemadmo-

122 2165 200 2232 dum
215 2165 282 2232 Sat.
297 2167 324 2251 Ι,
338 2168 368 2252 2,
392 2169 463 2233 106.
484 2169 617 2256 leporem
637 2206 735 2216 -——
752 2169 891 2255 peritum
911 2168 958 2232 aie
978 2180 1102 2256 taupere
1121 2171 1215 2237 nolit.

121 2264 198 2332 Ter.
221 2265 323 2332 Andr.
344 2267 371 2352 I,
385 2268 416 2352 2,
430 2267 462 2333 4.
497 2269 654 2352 Mirabar,
674 2267 731 2334 hoe
745 2269 778 2333 ei
787 2268 835 2333 sie
848 2268 956 2351 abiret,
972 2267 1029 2333 ubi
1041 2290 1074 2333 v.
1089 2268 1208 2337 Donat.

119 2398 152 2452 V.
169 2401 210 2453 94.
226 2415 267 2467 sq.
660 2406 663 2413 '
809 2399 945 2450 naiades
962 2398 1034 2465 quod

319 2482 488 2534 Ummidius
506 2482 619 2548 quidam.
652 2481 712 2534 Non
727 2481 807 2550 longa
824 2487 863 2533 est
879 2482 979 2534 fabula.

203 2596 248 2662 Et
267 2596 320 2664 hic
343 2607 374 2664 et
395 2621 492 2686 saepe
506 2597 584 2665 alibi
600 2597 643 2684 (c.
659 2621 687 2662 c.
703 2596 810 2664 Oarm.
825 2597 886 2682 ΠΙ,
901 2597 952 2682 29,
966 2598 997 2664 5.
1012 2620 1082 2686 sqq.
1109 2600 1210 2688 Eripe

120 2710 149 2763 te
169 2721 289 2780 ruorae,
314 2722 353 2763 ue
378 2722 497 2785 semper
520 2698 617 2763 udum
642 2698 740 2762 Tibur
760 2736 802 2748 -
823 2697 1048 2785 contemplata,
1068 2699 1112 2764 ad
1132 2721 1164 2787 q.
1186 2699 1208 2767 l.

122 2795 242 2863 adhibe
262 2797 365 2863 verba
385 2797 546 2863 Iuvenalis
566 2797 625 2882 VI,
645 2797 716 2861 333.
739 2818 786 2882 sq.
808 2819 897 2861 mora
916 2797 1002 2862 uada
1017 2822 1078 2884 par
1097 2800 1208 2886 ipsam,

121 2898 286 2983 quorne'reue
305 2898 450 2984 imperito
472 2899 587 2963 clunem
615 2897 773 2962 submittat
786 2896 891 2979 ocello)
912 2919 950 2962 ue
964 2905 996 2962 et
1008 2921 1064 2962 uec
1078 2920 1099 2962 a
1110 2898 1208 2965 libra·

120 2997 177 3063 riis
199 2995 333 3061 confusa
353 3006 434 3063 sunt.
495 3068 496 3072 Ἰ

203 3095 258 3160 De
272 3095 436 3183 permultis
452 3104 558 3162 autem
571 3094 764 3179 nominibus,
778 3116 863 3182 quae
876 3095 952 3160 inv.
968 3095 1018 3160 95.
1033 3095 1095 3162 Lb.
1111 3095 1207 3179 MSS.

120 3192 256 3278 habent,
291 3195 412 3260 nullum
446 3195 540 3262 nobis
576 3196 681 3282 magis
712 3195 924 3260 Horatianum
954 3193 1081 3261 videtur
1112 3218 1210 3282 quam

120 3293 336 3377 Nummidsies,
369 3317 427 3383 pro
460 3316 522 3383 quc
545 3295 709 3361 Charisius
729 3318 762 3381 p.
788 3295 859 3359 202.
902 3294 1075 3361 Numidiae
1106 3297 1207 3363 offert.

120 3393 248 3460 Nollem
271 3396 355 3459 enim
376 3396 424 3460 sic
443 3396 618 3460 iudicasset
640 3393 794 3459 Orellius:
825 3392 908 3458 Mire
935 3416 1072 3460 acumen
1097 3397 1208 3460 nescio

121 3494 208 3581 quod
230 3495 456 3580 quaesiverunt
476 3494 608 3582 quidam
628 3495 662 3558 in
688 3501 835 3581 corrupto
863 3493 918 3558 illo
943 3517 975 3560 v.
997 3495 1208 3580 Nummidrus,

121 3595 313 3680 quasivero
335 3595 552 3681 significanter
572 3595 659 3662 itaa
685 3594 829 3659 autumet>
845 3592 931 3658 dicta
959 3603 1044 3658 esset
1070 3615 1209 3682 persona

121 3692 231 3780 aliqua
255 3691 361 3761 ficta.“
402 3694 487 3760 Nam
514 3695 569 3780 qui
599 3693 645 3759 ita
675 3693 830 3777 sentiunt,
861 3692 886 3756 ii
915 3692 1057 3758 indolem
1089 3695 1208 3760 satirae

120 3791 319 3858 Horatianae
350 3792 403 3859 vel
434 3794 533 3881 ipsius
557 3801 672 3880 poetae
703 3815 817 3880 parum
847 3801 1049 3880 perspectam
1079 3792 1207 3860 habent.

120 3889 239 3957 Notum
261 3900 317 3976 est,
337 3891 507 3958 Horatium
529 3914 571 3958 cx
595 3914 705 3979 pugna
724 3891 923 3979 Philippensi
942 3891 1077 3956 Romam
1098 3915 1207 3958 rever·
1304 3965 1307 3972 ¹

122 4014 192 4056 sum
213 3992 320 4056 statim
341 3991 384 4056 ad
403 3994 516 4080 poesin
536 3991 747 4058 factitandum
774 3989 971 4077 compulsum
998 4014 1085 4076 esse,
1111 4015 1209 4079 quum

122 4090 269 4157 omnibus
291 4091 404 4178 opibus
424 4092 557 4180 perditis
572 4092 606 4157 in
616 4114 755 4157 summas
769 4089 919 4157 redactus
933 4099 1019 4156 esset
1033 4093 1207 4178 angustias.

122 4189 260 4258 Athenis
281 4212 359 4258 vero
381 4213 402 4259 a
423 4214 521 4259 curvo
544 4193 735 4280 dignoscere
755 4198 878 4258 rectum
899 4199 993 4277 atque
1007 4191 1090 4258 inter
1110 4191 1209 4258 silvas

977 4289 1013 4342 2*
