2678 4642
491 1171 793 1250 PRAEFATIO.

580 1345 695 1354 ..m

177 1470 253 1535 Plus
275 1471 340 1535 iam
355 1492 452 1556 quam
467 1478 594 1534 centum
615 1469 734 1536 abhinc
749 1471 840 1536 annis
855 1470 1006 1537 Matthias
1022 1471 1187 1538 Gesnerus

92 1570 262 1656 iudicavit,
294 1570 376 1635 adeo
403 1570 445 1635 ab
473 1571 619 1636 omnibus
645 1570 721 1634 inde
749 1571 885 1636 saeculis
914 1573 1071 1658 sategisse
1100 1573 1187 1638 circa

92 1671 222 1736 Horatii
243 1669 372 1755 eclogas
383 1669 541 1753 librarios,
563 1672 761 1757 interpretes,
778 1671 916 1754 criticos,
930 1681 965 1736 ut
977 1673 1079 1759 possit
1091 1671 1186 1738 homo
1303 1691 1307 1702 “

94 1770 249 1857 diligens,
273 1772 325 1833 cui
345 1769 560 1835 bibliothecae
581 1778 721 1857 pateant,
742 1770 838 1834 facile
859 1771 976 1836 librum
990 1772 1187 1837 mediocrem

92 1870 147 1936 vel
179 1870 249 1935 sola
285 1868 378 1933 huius
409 1879 524 1956 poetae
556 1868 690 1934 historia
719 1868 875 1934 litteraria
905 1869 1050 1957 implere.
1092 1871 1187 1937 Nunc

93 1970 225 2056 quidem
245 1969 341 2056 longe
368 1969 557 2057 ampliorem
582 1969 740 2034 eiusmodi
765 1968 882 2034 librum
906 1970 999 2035 nobis
1029 1970 1187 2036 conficere

93 2070 178 2153 licet,
199 2079 420 2135 verumtamen
439 2068 584 2155 pluribus
607 2069 648 2134 de
671 2070 792 2153 causis,
817 2090 952 2155 quarum
972 2071 1121 2157 princeps
1144 2068 1186 2137 ab

94 2168 185 2234 libris
217 2170 441 2255 manuscriptis
469 2171 572 2256 repeti
604 2169 714 2254 debet,
745 2178 895 2256 poemata
919 2168 1099 2235 Horatiana
1122 2191 1188 2235 non

93 2268 228 2356 perinde
249 2269 426 2355 integriora
445 2269 572 2334 reddita
593 2278 674 2333 sunt.
707 2269 838 2334 Etenim
859 2291 957 2355 quum
979 2271 1076 2334 etiam
1092 2285 1186 2357 prae·-

94 2369 297 2433 stantissimis
310 2369 502 2433 coniecturis
516 2368 597 2433 fides
611 2390 712 2456 prope
728 2391 855 2455 semper
869 2369 1023 2456 ambigua
1032 2369 1189 2434 habeatur

85 2469 287 2554 omninoque
302 2468 404 2532 ferme
418 2467 507 2552 nihil,
529 2470 592 2532 nisi
607 2469 695 2554 quod
707 2467 850 2533 Libitina
864 2471 1048 2554 sacraverit,
1071 2492 1188 2556 appro-

93 2567 167 2633 bari
200 2567 315 2651 soleat,
348 2591 473 2632 summa
503 2591 610 2632 rerum
640 2589 743 2655 paene
776 2590 1006 2655 usquequaque
1034 2568 1078 2634 ad
1103 2567 1187 2633 solos

94 2667 181 2732 redit
202 2667 329 2732 codices
351 2669 584 2755 manuscriptos
605 2690 726 2755 nosque
741 2668 775 2733 in
788 2667 913 2733 mendis
932 2677 1076 2733 nontam
1091 2668 1188 2733 corri-

94 2767 210 2854 gendis
232 2790 330 2854 quam
345 2768 546 2833 declarandis
562 2769 769 2854 acquiescere
785 2777 918 2855 oportet.
950 2768 990 2833 In
1004 2769 1189 2833 universum
1240 2779 1243 2784 “

93 2889 172 2933 vero
183 2865 308 2931 Horatii
320 2867 518 2956 exemplaria
530 2869 747 2954 manuscripta
759 2867 891 2954 egregie
904 2876 1053 2954 corrupta
1063 2877 1144 2952 sunt,
1154 2867 1190 2934 id

95 2965 183 3052 quod
193 2966 314 3032 idcirco
329 2969 460 3032 minime
482 2967 671 3050 mirandum,
694 2968 769 3053 quia
780 2968 848 3031 eius
862 2966 991 3055 eclogas
1007 2969 1071 3032 iam
1082 2989 1188 3054 gram·

94 3067 206 3130 matici
219 3065 356 3131 Romani
369 3069 510 3133 maxime
520 3066 767 3154 ,interpolarunt
800 3065 873 3130 Etsi
895 3069 979 3132 enim
1001 3068 1190 3155 generosior

94 3175 194 3256 poeta
213 3168 440 3253 grammaticas
461 3168 562 3233 tribus
585 3177 617 3231 et
629 3166 752 3253 pulpita
765 3188 830 3230 non
845 3166 1040 3252 dignabatur
1054 3167 1189 3251 ambire,

94 3289 199 3353 neque
227 3265 343 3332 vilibus
371 3268 406 3331 in
436 3266 518 3332 ludis
546 3267 666 3354 scripta
691 3289 750 3331 sua
781 3265 896 3331 dictari
926 3265 1072 3351 volebat,
1103 3265 1189 3331 nullo

94 3377 204 3433 tamen
224 3376 317 3457 pacto
347 3366 487 3432 dubitari
513 3375 630 3454 potest,
659 3368 736 3453 quin
763 3366 831 3430 eius
855 3374 1018 3453 poemata,
1050 3365 1189 3454 avulgo

94 3467 240 3531 Romano
261 3466 318 3531 illa
344 3466 474 3553 quidem
502 3467 643 3531 studiose
664 3464 799 3550 leeta1),
825 3488 846 3530 a
871 3466 1090 3552 grammaticis
1115 3487 1189 3553 per-

93 3565 227 3633 multum
258 3575 472 3631 versarentur.
520 3565 588 3632 Sed
619 3588 716 3652 quum
748 3565 864 3630 eadem
894 3575 961 3630 tum
997 3566 1031 3630 in
1073 3564 1190 3630 scholis
1250 3584 1252 3588 ·

94 3667 290 3732 dictarentur
312 3675 343 3731 et
369 3674 618 3751 exponerentur,
647 3674 713 3729 tum
738 3664 847 3752 palam
872 3666 1098 3748 recitarentur,
1119 3664 1191 3731 fieri

93 3789 160 3833 non
190 3775 329 3853 poterat,
351 3767 446 3852 quin
484 3766 692 3830 multifariam
727 3758 969 3850 diffingerentur
999 3764 1053 3831 vel
1083 3765 1190 3853 potius

94 3868 358 3954 depravarentur,
380 3866 532 3951 quoniam
546 3864 692 3953 plerique
706 3865 909 3952 grammatici
921 3862 1060 3930 Romam
1073 3865 1191 3931 mirum

95 3975 250 4054 quantum
272 3974 460 4052 arrogantes
482 3974 577 4053 atque
598 3965 750 4030 ineruditi
771 3972 877 4048 erant,
905 3962 992 4049 quod
1018 3963 1126 4030 multis
1147 3985 1190 4031 ex

163 4183 189 4248 1)
205 4180 444 4246 V.Epist.1,l9,35.
452 4195 508 4247 sqq.
525 4180 702 4248 1,20,10.sqq.
719 4180 890 4247 Iusssssq.
908 4180 995 4290 Oarnq.
1003 4177 1190 4248 1V‚8,1³.sqq.

959 4264 972 4317 1
