2678 4642
175 207 236 275 112
602 209 837 273 conmcmrrm

171 410 238 457 non
257 388 317 472 stu,
339 385 397 454 sed
416 387 484 476 ipm
506 387 542 473 (i.
564 410 591 454 1.
613 389 714 474 huus,
736 389 818 455 sicut
838 388 905 454 Sat.
920 387 966 474 II,
979 388 1008 473 8,
1023 387 1089 473 23.)
1111 387 1260 477 relegen-
1298 426 1302 431 ·

174 490 249 556 dum
280 489 444 572 existimo,
476 489 593 553 etenim
623 489 684 571 ille,
716 488 789 554 11.
818 487 985 572 Coruinus,
1017 490 1104 576 piam
1134 498 1261 573 testam,

174 611 270 677 quam
291 589 383 653 iussit
414 587 622 672 descendere,
653 610 718 653 non
749 597 873 676 poterat
903 588 1050 654 horridus
1080 588 1262 676 negligere.

149 763 154 786 .
173 688 332 754 Eamdem
347 688 600 753 emendationem
621 688 685 752 iam
706 688 740 753 in
756 687 880 754 dissert.
897 688 937 753 de
958 697 1063 754 aetate
1078 697 1263 776 poematum

172 787 422 852 Horatianorum
444 787 522 853 aR.
544 786 690 853 Bentleio
716 789 849 854 inventa
874 812 906 876 p.
929 788 981 854 22.
1009 786 1044 853 in
1070 797 1176 854 mente
1202 787 1262 854 ha·

172 886 301 954 bebam.

172 1004 204 1057 V.
220 1005 261 1058 27.
278 1019 335 1071 sqq.
654 984 657 988 ⁴
895 1032 897 1034 ν
999 1003 1080 1071 Atqui
1166 1032 1168 1038 ι

369 1084 476 1137 limavit
490 1088 604 1138 11111111
619 1087 698 1136 mire
714 1100 828 1150 novus,
845 1089 875 1137 11
891 1085 965 1150 solet,
981 1087 1010 1138 in
1027 1103 1072 1138 cor

371 1168 491 1219 Treiecto
508 1168 597 1221 lateris
613 1169 700 1219 miseri
718 1170 883 1235 capitisve
899 1169 1000 1232 dolore,

370 1250 407 1301 Ut
422 1251 580 1318 lethargicus
596 1251 648 1302 hic
664 1267 745 1320 quum
760 1251 789 1304 fit
805 1251 880 1319 pugil
897 1258 922 1303 ct
938 1253 1067 1304 medicum
1082 1256 1183 1322 urguet.

255 1364 358 1433 Varia
378 1365 472 1432 lectio
496 1368 666 1454 capitisque
687 1389 707 1431 a
726 1365 888 1453 Bentlcio,
910 1369 966 1454 qui
987 1367 1054 1434 Sat.
1082 1367 1126 1452 Π,
1151 1367 1182 1452 2,
1209 1366 1263 1433 84.

173 1467 318 1534 similiter
339 1466 414 1553 egit,
436 1465 563 1530 incaute
586 1467 752 1552 exagitata
773 1477 830 1533 est.
874 1466 940 1534 cfr.
957 1466 1023 1533 Sat.
1039 1467 1065 1552 1,
1080 1468 1110 1552 4,
1126 1467 1197 1532 115.
1213 1489 1263 1555 sq.

174 1568 315 1655 Sapiens,
337 1568 437 1631 uitato
457 1566 591 1653 quidque
607 1568 709 1653 petitu
729 1568 771 1630 sit
790 1567 907 1651 melius,
930 1591 1044 1633 causus
1063 1566 1172 1632 reddet
1193 1567 1263 1633 uti.

172 1667 410 1752 11,1,67.sq.
440 1678 494 1731 111
524 1665 607 1731 laeso
640 1665 763 1731 doluere
793 1667 916 1732 Metello
939 1669 1138 1754 famosisque
1169 1666 1264 1754 lupo

174 1779 316 1854 cooperto
337 1764 498 1830 11111119
539 1764 655 1829 Totum
686 1776 794 1831 autem
820 1765 898 1832 illud
930 1765 1111 1852 exemplum
1141 1767 1176 1833 iu
1208 1789 1266 1831 cor

173 1869 301 1933 traiecto
321 1865 429 1930 111111
452 1865 564 1930 miseri
581 1867 753 1951 capitisque
774 1865 879 1932 doure
901 1866 1088 1932 nonnemini
1113 1865 1266 1932 videatur

137 2009 142 2020 .
174 1965 365 2050 claudicare,
387 1965 464 2052 quia
483 1965 631 2029 traiectus
650 1964 782 2029 morbus
803 1987 845 2030 ne
866 1972 969 2032 novus
984 1965 1122 2053 quidem,
1142 1964 1267 2031 nedum

173 2067 254 2132 mire
275 2087 377 2131 novus
400 2073 464 2148 est,
484 2085 560 2128 nam
581 2065 637 2150 qui
657 2065 812 2130 traiicitur
826 2065 956 2132 morbus
972 2066 1136 2132 dumtaxat
1150 2064 1265 2131 sedem

172 2188 234 2232 neo
254 2187 356 2252 genus
377 2173 485 2248 mutat,
507 2163 715 2250 quamobrem
736 2164 841 2230 denuo
863 2164 954 2230 idem
968 2187 1072 2252 neque
1086 2187 1190 2231 novus
1206 2172 1264 2231 aut

173 2265 256 2332 adeo
277 2265 358 2329 mire
379 2285 481 2330 novus
503 2272 676 2350 comparet.
706 2262 742 2328 Si
763 2264 860 2350 igitur
880 2263 987 2330 lateris
1010 2265 1188 2352 capitisque
1205 2262 1262 2330 do-

172 2366 240 2432 lore
261 2365 295 2428 in
316 2386 372 2429 cor
392 2364 524 2428 traiecto
543 2378 712 2456 saporatus
730 2362 963 2448 exoritur,'hoc
984 2365 1033 2429 rei
1058 2363 1152 2452 plane
1182 2372 1260 2430 con-

161 2475 364 2544 sentaneum
385 2483 445 2526 nec
467 2461 644 2527 ullomodo
670 2465 786 2528 mirum
812 2464 949 2529 videtur.
993 2463 1060 2529 Sed
1086 2485 1184 2551 quum
1210 2485 1263 2529 re·

175 2565 315 2631 centiore
338 2561 464 2627 demum
487 2571 592 2627 aetate
607 2563 786 2628 accuratius
802 2562 1000 2650 exploratum
1015 2573 1045 2628 et
1059 2563 1265 2629 constitutum

156 2666 224 2750 sit,
240 2656 324 2749 ¹quid
345 2661 387 2727 sit
407 2660 511 2726 morbi
539 2661 701 2745 traiectio,
728 2683 816 2727 error
846 2661 899 2755 ille
927 2648 1062 2727 Horatio
1090 2684 1129 2727 eo
1155 2664 1264 2752 magis

176 2772 225 2829 est
258 2760 502 2845 condonandus,
527 2759 612 2847 quod
642 2761 695 2826 vel
727 2754 896 2827 clarissimi
926 2761 1045 2827 medici
1061 2761 1264 2829 morborum

175 2875 342 2953 μετάστασιν
359 2870 390 2925 11
409 2873 570 2947 μεταβολήν
587 2860 731 2926 crebrius
742 2862 976 2926 confuderunt.
1010 2861 1166 2944 Ceterum,
1183 2863 1264 2928 maie

173 2988 272 3030 uoosas
292 2983 357 3027 non
376 2970 441 3026 tam
463 2963 524 3048 ipsi
545 2960 680 3025 Horatio
701 2960 799 3026 tribui
820 2960 918 3026 debet
938 2983 1035 3047 quam
1048 2960 1264 3049 Damasippo,

175 3066 264 3131 cuius
292 3085 366 3128 cum
396 3061 517 3125 tumido
550 3081 697 3125 sermone
728 3059 871 3147 perbene
904 3061 1058 3146 concinit,
1090 3083 1188 3149 quam
1220 3059 1265 3127 ob

175 3185 305 3241 cainam
325 3159 405 3225 nihil
426 3181 541 3225 censeo
564 3158 792 3246 corrigendum
813 3180 895 3226 esse.
993 3247 995 3251 y

256 3262 299 3328 V.
321 3261 372 3324 30.
394 3260 582 3346 pronomine
600 3260 651 3325 Iu'c
670 3280 736 3325 non
757 3258 850 3324 aliter
879 3280 974 3346 quam
996 3282 1027 3324 v.
1051 3259 1102 3324 23.
1129 3259 1264 3326 11162.

175 3359 357 3448 exemplum
376 3359 571 3446 proponitur,
591 3379 697 3445 neque
710 3358 784 3423 ficto
806 3357 947 3443 quodam
959 3358 1152 3455 Damasippi
1167 3368 1265 3447 gestu

147 3485 149 3488 ·
174 3463 367 3549 indigemus.
397 3456 463 3524 cfr.
485 3457 590 3545 Epist.
608 3457 656 3553 ΙΙ,
677 3458 707 3541 2,
730 3459 780 3523 67.
803 3479 874 3543 sqq.

174 3581 207 3633 V.
223 3579 265 3633 4³.
281 3593 320 3644 sq.
374 3575 473 3651 Quem
488 3573 559 3623 mala
575 3572 685 3624 stultitia
701 3578 727 3625 et
743 3576 973 3645 quemcumque
984 3574 1093 3646 vinscitia
1107 3574 1164 3625 veri

254 3680 257 3686 ·
370 3658 488 3709 Coccum
503 3657 560 3724 agit
576 3688 659 3700 --

255 3775 358 3842 Varia
378 3772 473 3839 lectio
494 3776 699 3858 quoecumque
712 3786 778 3837 non
791 3772 922 3839 maioris
937 3780 985 3837 est
998 3771 1150 3859 ponderis
1165 3792 1270 3860 quam

166 3876 322 3965 propriae
353 3875 471 3940 tedum's
502 3872 571 3938 Sat.
597 3873 642 3957 11,
669 3874 699 3958 2,
723 3872 792 3936 129.
826 3880 858 3936 11
887 3881 1044 3938 sexcenta
1073 3871 1146 3955 alia,
1180 3894 1269 3961 quae

174 3979 270 4043 rudes
284 3974 407 4040 librarii
426 3972 655 4039 confinxerunt.
683 3971 772 4037 Bene
786 3970 967 4036 Meinekius
981 3970 1118 4059 simplex
1137 3994 1272 4060 cumque

173 4097 232 4164 pro
254 4074 373 4161 duplici
391 4074 530 4161 positum
551 4094 621 4138 esse
638 4071 876 4156 animadvertit,
898 4072 988 4137 cuius
1009 4072 1139 4165 generis
1158 4071 1270 4140 Hora·

174 4178 235 4244 tius
255 4174 349 4264 plura
368 4172 467 4240 habet
487 4170 634 4260 analoga,
656 4193 685 4238 e.
708 4193 737 4238 1.
759 4169 896 4261 simplex
915 4173 980 4238 siue
1002 4169 1085 4256 (Sat.
1106 4170 1270 4259 11111.
