2678 4642
162 225 205 290 94
589 237 822 293 cornminus
872 277 874 280 <
913 291 915 294 ,

161 406 280 472 tulisse.
328 405 434 492 Magis
465 425 544 470 vero
575 405 716 472 notabile
742 405 884 491 videtur,
914 406 1134 491 Fundanium,
1164 407 1248 472 inter

163 509 302 572 comicos
323 515 433 592 poetas
453 502 580 569 Horatii
601 513 702 570 aetate
724 507 911 594 principem,
932 529 1037 592 neque
1059 531 1080 573 a
1101 507 1248 592 Sedigito

164 606 251 694 apud
273 605 355 671 Gell.
378 606 419 670 N.
434 605 474 672 A.
490 604 564 688 XV,
586 604 637 668 24.
658 626 719 670 nec
742 605 820 671 alibi
840 616 1049 672 memoratum
1070 630 1151 671 esse.
1186 607 1248 671 Ro-

163 707 250 771 mani
270 714 377 770 tamen
397 706 467 790 ipso
489 702 684 784 Quintiliano
711 713 790 770 teste
814 705 904 789 (Inst.
927 705 983 770 Or.
1006 706 1049 791 X,
1072 707 1100 790 1,
1123 705 1188 791 99.)
1211 708 1248 770 in

164 805 333 870 comoedia
362 806 502 869 maxime
535 803 768 888 claudicabant,
804 827 902 890 quare
935 807 1029 871 etiam
1060 806 1249 871 Fundanius

163 905 259 970 modo
279 906 398 991 primus
419 905 502 968 inter
522 911 632 990 poetas
656 905 782 967 omnino
803 905 970 970 inferiores
991 906 1117 970 videtur
1138 906 1247 970 fuisse.

163 1004 336 1070 Praeclare
369 1003 408 1068 de
442 1025 479 1068 eo
513 1004 579 1090 egit
608 1001 781 1068 Horkelius
815 1004 898 1069 anal.
927 1005 1006 1070 Hor.
1033 1029 1066 1092 p.
1088 1005 1138 1070 49.
1166 1027 1248 1090 sqq,

167 1106 257 1170 ouius
280 1103 409 1189 quidem
432 1103 662 1187 emendatione,
685 1112 718 1167 ut
730 1125 804 1168 mea
823 1103 884 1168 fert
898 1105 1015 1191 opinio,
1030 1119 1142 1192 ergata
1156 1128 1249 1169 mere-

66 1283 68 1288 ,
163 1206 240 1268 trice
260 1202 356 1286 platta
376 1202 523 1289 Doeoqae
548 1202 706 1267 Chremeta
720 1203 857 1267 eludente
876 1228 985 1287 senem,
1008 1206 1103 1268 eomes
1114 1206 1248 1291 garrire,

163 1302 274 1388 popello
296 1326 375 1366 naus
395 1304 542 1384 vivorum,
563 1301 716 1368 Fundani
733 1302 944 1388 supersedere
965 1325 1142 1390 possumus.

162 1421 194 1473 V.
211 1422 251 1473 50.
268 1434 324 1485 sqq.
908 1419 993 1470 Pollio
1009 1435 1103 1486 regum

359 1502 464 1551 Facta
481 1500 551 1550 canit
566 1501 633 1566 pedo
648 1505 688 1550 ter
703 1516 841 1567 percusso;
861 1499 1008 1568 fortoepos
1025 1518 1085 1553 acer

360 1585 397 1636 Ut
412 1599 487 1633 nemo
504 1584 598 1634 Varius
615 1585 687 1635 ducit
702 1619 800 1631 ...-

246 1699 418 1765 Horkelius
441 1697 524 1763 anal.
546 1699 626 1763 Hor.
647 1722 679 1785 p.
703 1699 773 1765 148.
796 1721 865 1786 sqq.
895 1698 935 1765 de
964 1701 1146 1765 coniectura
1164 1702 1247 1788 fote

164 1802 342 1887 rescripsit,
377 1799 466 1863 hisee
501 1799 697 1885 potissimum
729 1800 924 1886 argumentis
958 1799 1127 1865 adductus:
1151 1803 1249 1887 facto

164 1925 272 1967 canere
293 1900 472 1987 generatim
494 1920 564 1963 esse
592 1899 755 1984 epicorum
780 1909 945 1985 poetarum
973 1908 1004 1964 ct
1031 1901 1175 1985 quamvis
1204 1899 1246 1963 ab

164 2000 334 2066 Aristotele
348 1999 389 2065 A.
404 2000 440 2063 P.
456 1998 485 2063 6.
504 1998 671 2084 tragoedia
686 1998 809 2063 dicatur
827 2017 943 2084 μίμησις
957 2013 1081 2088 πράξεως
1100 2014 1252 2070 σπουδαίας

164 2114 339 2180 salutetur,
360 2115 480 2186 μέγεθος
501 2112 621 2184 ἐχούσης,
644 2097 696 2163 hic
716 2107 832 2181 tamen,
854 2100 909 2162 ubi
930 2101 1097 2184 tragoedia
1119 2111 1150 2162 et
1171 2120 1247 2185 epos

166 2201 431 2282 discriminentur,
447 2200 487 2263 de
502 2199 682 2283 integritate
696 2199 833 2263 nominis
835 2199 933 2284 facta
948 2198 1155 2264 dubitandum
1166 2221 1248 2263 esse.

164 2300 344 2385 Indigetari
365 2299 494 2383 quidem
520 2298 722 2383 tragoediam
749 2298 802 2362 illo
824 2298 905 2384 pede
931 2312 978 2362 ter
1001 2322 1163 2384 percusso,
1190 2298 1249 2362 sed

163 2401 277 2487 poesin
299 2399 423 2484 epicam
445 2405 476 2462 et
496 2397 653 2482 tragicam
679 2399 726 2462 sic
754 2398 900 2482 definire,
926 2407 961 2462 ut
986 2400 1020 2463 in
1045 2400 1137 2463 factis
1165 2398 1247 2463 cele-

164 2499 295 2566 brandis
311 2497 443 2562 alteram
456 2495 648 2562 hexametris
663 2498 707 2560 uti
722 2496 821 2581 dicas,
842 2497 975 2562 alteram
988 2499 1146 2583 trimetris,
1167 2499 1248 2563 rude

166 2598 318 2686 quiddam
339 2595 459 2661 habere
481 2604 512 2659 et
531 2616 633 2681 paene
654 2595 786 2681 puerile,
808 2597 893 2681 quod
913 2619 978 2661 non
993 2598 1124 2684 dignum
1137 2598 1247 2662 videa-

164 2707 215 2764 tur
235 2697 378 2761 Horatio
414 2695 586 2759 Praeterea
607 2716 683 2780 epos
694 2696 786 2781 forte
806 2704 953 2761 vocatum
975 2719 1045 2762 esse
1061 2706 1092 2762 et
1110 2698 1248 2784 quidem,

166 2797 251 2884 quod
272 2805 367 2883 poeta
386 2803 467 2859 totus
488 2794 522 2857 in
543 2792 639 2858 rebus
660 2796 758 2880 gestis
779 2795 832 2860 vel
852 2797 1021 2862 narrandis
1049 2797 1100 2862 vel
1128 2798 1248 2862 descri-

164 2897 280 2964 bendis
301 2903 452 2978 versetur,
473 2894 518 2958 ita
539 2902 573 2957 ut
593 2893 697 2979 ipsum
718 2916 848 2960 carmen
874 2895 950 2960 inde
977 2897 1117 2963 colorem
1142 2896 1248 2963 ducat.

165 2998 335 3063 Horatium
354 2996 451 3080 igitur
473 2992 597 3057 exiliter
623 2993 824 3080 loquuturum
849 2994 962 3081 fuisse,
990 2997 1018 3061 si
1044 2997 1133 3069 intra,
1153 3020 1250 3062 unum

165 3120 295 3164 versum
316 3104 347 3160 et
368 3116 444 3181 epos
465 3102 595 3180 propter
616 3094 701 3158 facta
721 3095 802 3159 forte
829 3094 1052 3182 appellavisset
1078 3105 1109 3161 et
1133 3097 1249 3162 Pollio-

165 3218 241 3262 nem
260 3195 431 3278 laudasset,
453 3193 537 3279 quod
557 3194 591 3256 in
612 3194 780 3278 tragoedia
800 3195 887 3259 faeta
907 3204 1046 3260 caneret.
1072 3196 1166 3261 Haec
1180 3197 1249 3283 qui-

161 3297 242 3362 dem
262 3316 418 3382 perquam
439 3293 593 3378 speciose,
614 3302 752 3358 attamen
772 3295 876 3358 minus
895 3303 982 3359 recte
995 3295 1154 3382 disputata
1168 3306 1249 3361 sunt.

166 3397 283 3462 Fatum
304 3415 382 3458 sane
403 3392 587 3479 primarium
608 3393 642 3456 in
662 3393 831 3478 tragoedia
850 3393 955 3458 locum
974 3404 1070 3479 tenet,
1090 3417 1151 3460 nec
1171 3418 1250 3461 vero

166 3496 234 3561 fata
261 3493 462 3580 tragoediam
490 3493 692 3576 constituunt,
720 3492 778 3557 sed
805 3493 899 3558 facta.
942 3494 1084 3581 Tragica
1109 3497 1194 3560 enim
1220 3505 1252 3560 et

161 3595 262 3680 ⁴epioa
287 3594 392 3680 poesis
417 3593 452 3656 in
478 3613 517 3656 eo
544 3593 745 3676 conveniunt,
774 3592 860 3678 quod
886 3601 1019 3678 utraque
1040 3613 1156 3681 μίμησις
1171 3628 1250 3664 σπου-

168 3711 256 3762 δαίων
282 3700 339 3776 est,
360 3700 395 3756 ut
416 3692 460 3755 ait
479 3690 665 3755 Aristoteles
685 3692 726 3756 A.
746 3692 783 3756 P.
798 3691 829 3757 5.
860 3691 1003 3758 Maxime
1025 3703 1130 3758 autem
1150 3704 1251 3759 metro

168 3802 199 3858 et
221 3793 365 3857 oratione
387 3791 536 3856 differunt
555 3789 652 3876 idque
673 3791 839 3875 Horatius,
872 3813 968 3877 quum
996 3816 1069 3857 eum
1094 3795 1251 3880 integram

166 3893 275 3980 poesis
296 3892 439 3978 tragicae
455 3889 669 3955 definitionem
682 3911 861 3977 proponere
875 3913 939 3956 non
953 3903 1121 3979 oporteret,
1142 3892 1250 3958 verbis

162 3992 244 4080 pede
263 4005 310 4056 ter
325 4014 478 4078 percusso
501 3999 653 4077 exparte
675 3989 859 4056 declaravit.
902 3991 1052 4057 Ceterum
1068 3995 1158 4081 forte
1179 4016 1251 4077 aros

166 4091 247 4158 nihil
268 4099 315 4156 est
336 4089 423 4156 aliud
443 4112 540 4177 quam
560 4113 683 4156 carnaea
708 4091 878 4173 heroicam,
905 4091 1148 4180 Heldeapedicltt
1176 4091 1249 4175 (cfr.

162 4191 260 4279 »Virga
281 4189 366 4256 Aen.
386 4188 414 4276 I,
436 4190 507 4256 105.
525 4191 635 4277 sortia
663 4199 854 4277 coeperest
879 4198 986 4256 notata
1013 4189 1056 4256 ad
1082 4190 1149 4256 Sat.
1171 4190 1198 4276 I,
1219 4192 1250 4275 2,
