2678 4642
365 251 401 297 ru
422 248 612 297 ssrnssnun
633 248 762 296 amaon
784 244 969 295 secuuntur
1151 230 1210 296 127

120 419 228 482 metim
250 439 341 481 caros
354 417 463 503 pisces
489 437 595 478 emere.
638 413 745 500 Negat
764 414 872 499 itaque
894 412 1003 478 Catius
1031 413 1108 477 satis
1130 435 1210 498 esse,

120 538 339 602 quoscumque
360 537 451 581 caros
471 515 577 602 pisces
600 535 756 597 coemere,
778 513 805 577 si
827 521 966 579 coemtos
989 513 1135 579 distincte
1155 537 1211 601 ap·

119 639 236 704 parare
256 619 393 681 nesciae.

120 735 153 786 V.
170 735 211 786 44.
244 730 390 783 Fecundi
406 731 502 795 leporis
520 730 625 794 sapiens
642 730 784 780 sectabitur
800 745 894 780 armos.

206 831 485 897 celebratissimus
508 827 567 893 Cd.
590 828 779 894 Blandinius
809 851 882 892 cum
909 829 1059 894 Tonsano
1085 829 1211 916 paucis-

123 954 186 1018 que
208 932 277 996 aliis
290 929 453 1018 secandae
473 929 639 1015 praestitit,
661 939 696 993 ut
718 928 783 993 Sat.
799 928 842 1011 Il,
858 929 886 1012 8,
909 930 960 993 88.
983 932 1104 994 anseris
1125 930 1213 995 albae

122 1053 180 1118 pro
206 1031 335 1118 vulgato
368 1030 490 1094 anseris
521 1029 593 1092 albi.
636 1028 704 1093 Nos
729 1028 871 1115 secandi
899 1030 1013 1114 lepores
1046 1031 1136 1113 item,
1168 1031 1213 1094 uti

123 1131 214 1197 deam
242 1131 385 1195 Venerem
408 1128 452 1213 (v.
474 1127 619 1192 Macrob.
643 1126 710 1192 Sat.
725 1127 787 1212 IH,
808 1127 853 1212 8.)
873 1129 1064 1214 similiaque,
1085 1130 1120 1192 in
1141 1152 1212 1215 spe·

124 1232 206 1295 ciem
236 1229 430 1294 abstractam
458 1227 577 1292 dictum
608 1228 739 1292 minime
770 1229 943 1301 reiicimus.
987 1228 1054 1293 Otr.
1084 1228 1211 1294 advers.

124 1339 222 1394 nostr.
245 1328 287 1394 ad
309 1328 408 1414 Soph.
431 1327 549 1392 Truch.
574 1328 643 1391 197.

123 1447 156 1498 V.
174 1448 214 1499 47.
232 1461 270 1511 sq.
326 1445 400 1507 Sunt,
418 1460 528 1510 quorum
543 1445 678 1510 ingenium
694 1459 764 1494 nova
780 1447 882 1493 tantum
899 1442 1014 1494 crustula
1030 1446 1131 1508 promit.

321 1527 529 1593 Nequaquam
546 1528 643 1590 satis,
659 1528 688 1576 in
704 1542 732 1576 re
749 1542 803 1576 una
820 1541 1008 1576 consumere
1025 1543 1114 1577 curam
1130 1558 1212 1569 --

125 1646 126 1650 ’
207 1626 247 1690 In
267 1625 386 1711 aliquot
412 1626 474 1691 Lb.
500 1625 596 1690 MSS.
627 1639 671 1690 est
701 1634 773 1712 post
803 1627 882 1690 satis
915 1625 1080 1712 (sequente
1112 1626 1213 1692 verbo

125 1726 297 1811 adsumere)
319 1725 372 1790 vel
394 1734 464 1812 post
484 1750 549 1789 nna
568 1726 622 1791 vel
635 1735 706 1812 post
728 1749 835 1790 earam
853 1726 1026 1808 invenitur,
1047 1735 1215 1812 praeterea

124 1825 268 1890 nonnulli
295 1827 384 1890 Feae
415 1824 497 1890 cdd.
525 1850 580 1890 nec
607 1850 787 1912 quemqnam
818 1824 946 1889 habent.
989 1825 1084 1890 Unde
1116 1825 1213 1891 vehe-

126 1948 217 1991 mens
240 1926 340 1989 oritur
361 1925 515 2011 suspicio,
538 1923 623 1989 hunc
644 1924 749 1989 locum
772 1947 814 1988 ex
833 1948 865 1989 v.
888 1925 938 1988 37.
961 1924 1067 1989 labem
1089 1934 1214 1990 contra·

126 2027 225 2109 xisse,
246 2024 436 2112 praesertim
457 2045 554 2108 quum
575 2024 711 2110 simplici
732 2027 810 2088 satis
830 2046 888 2110 pro
908 2026 987 2089 satr's
1004 2038 1049 2089 est
1062 2024 1215 2090 Horatius
1308 2060 1309 2064 ,

126 2125 204 2190 alibi
230 2148 294 2193 non
321 2146 398 2187 usus
426 2123 475 2188 sit.
495 2176 497 2180 ,
519 2123 670 2188 Fortasse
703 2133 813 2188 auctor
845 2123 990 2188 dederat:
1021 2149 1215 2210 nequaquam

126 2224 192 2290 [lati
212 2227 246 2290 e'n
265 2248 300 2288 re
322 2247 386 2287 ana
413 2247 588 2288 consumere
616 2247 732 2305 caram,
760 2224 845 2309 quod
873 2246 915 2288 ex
941 2223 1133 2311 glossemate
1160 2249 1215 2290 nec

126 2328 205 2390 satis
227 2339 270 2389 est
292 2325 371 2387 alius
392 2322 542 2388 librarius
565 2322 658 2388 aliter
678 2323 890 2411 interpolavit.

125 2460 156 2511 V.
174 2460 214 2510 58.
232 2473 288 2524 sqq.
328 2457 415 2507 Testis
432 2461 589 2506 marcentem
600 2457 705 2522 'squillis
722 2458 852 2507 recreabis
870 2461 896 2507 et
911 2456 975 2508 Afra

323 2540 445 2590 Potorem
461 2539 575 2602 cochlea,
591 2555 653 2589 nam
669 2539 771 2590 lactuca
787 2541 889 2590 innatet
906 2541 962 2591 acri

322 2623 387 2673 Post
402 2623 493 2672 vinum
508 2622 650 2673 stomacho.
683 2623 769 2673 Poma
785 2624 869 2690 magis
886 2639 918 2674 ac
934 2624 1018 2690 magis
1035 2623 1105 2674 hillis

324 2705 442 2772 Flegitat
458 2706 625 2756 immersus
642 2705 723 2769 refici3
741 2707 804 2772 quin
822 2708 909 2756 omnia
925 2708 1006 2770 malit,

327 2790 513 2854 Quaecumque
529 2789 669 2839 immundis
685 2789 785 2839 fervent
802 2790 883 2839 allata
899 2791 1012 2855 popinis.

211 2905 312 2969 Varia
332 2903 426 2967 lectio
447 2905 482 2968 r'n
508 2928 630 2969 mersas
658 2904 753 2968 modo
782 2904 824 2968 ad
849 2913 994 2990 potorem
1020 2913 1160 2991 spectat,
1182 2913 1217 2968 ut

128 3005 156 3068 is
178 3004 223 3069 ad
240 3003 443 3069 mordendum
462 3005 553 3090 refici
577 3003 648 3088 (cfr.
663 3003 756 3090 Virg.
778 3005 861 3068 Aen.
877 3003 937 3088 XI,
961 3003 1046 3088 731.)
1069 2999 1216 3090 flagitare

129 3104 263 3168 dicatur.
306 3105 457 3168 Attamen
477 3124 542 3167 non
564 3112 612 3167 est
632 3125 736 3167 sermo
760 3103 799 3168 de
820 3113 942 3190 potore,
965 3104 1019 3190 qui
1041 3103 1138 3168 edere
1160 3103 1214 3168 de-

129 3204 283 3286 sueverit,
310 3203 353 3267 ad
379 3201 539 3267 edendum
564 3202 798 3283 resuscitando,
827 3204 885 3268 sed
913 3203 953 3267 de
981 3202 1158 3268 recreando
1185 3212 1217 3268 et

129 3302 304 3367 reficiendo
336 3311 510 3367 marcente.
555 3302 757 3389 Quapropter
788 3306 952 3368 immersas
984 3312 1143 3370 antestare
1168 3304 1215 3368 vi·

132 3402 255 3484 deatur,
276 3425 388 3467 verum
410 3402 445 3466 id
466 3424 592 3489 quoque
621 3412 697 3489 apta
723 3404 863 3488 quadam
890 3404 1012 3468 ratione
1041 3403 1216 3488 explanare

129 3523 196 3566 non
215 3501 299 3566 licet.
342 3501 473 3566 Ieiunus
501 3504 586 3566 enim
607 3503 707 3567 verbo
728 3505 894 3568 immersas
918 3520 983 3567 non
1009 3503 1216 3588 significatur,

79 3593 81 3597 ⁸
130 3623 235 3686 neque
258 3600 422 3665 disseritur
444 3602 484 3667 de
506 3603 623 3667 ieiuno.
665 3602 792 3667 Idcirco
814 3603 880 3669 iam
903 3600 1068 3667 Bentleius
1093 3605 1217 3667 immor-

130 3725 185 3765 sas
205 3701 425 3787 interpretatus
448 3711 496 3766 est
515 3703 681 3783 vellicatus,
704 3705 864 3783 excitatas,
878 3716 1026 3790 punctae,
1040 3703 1216 3788 pervadens,

130 3799 194 3864 hoc
218 3799 303 3865 velle
330 3800 416 3865 (tatii
443 3802 630 3888 magistrum
656 3811 755 3867 ratus:
787 3814 971 3867 marcentem
997 3815 1025 3869 et
1051 3802 1217 3866 resolutam

130 3900 320 3964 stomachum
341 3923 375 3964 eo
392 3914 487 3986 pacto
509 3904 621 3987 optrme
641 3903 737 3988 refici,
759 3903 791 3966 se'
809 3903 887 3966 ce'br's
908 3903 1034 3966 acribus
1053 3903 1219 3965 r'nrmorsns

131 4013 160 4064 et
180 4000 340 4064 vellicatus
351 4001 467 4086 faerit.
510 3999 652 4064 Primum
674 4009 779 4064 autem
801 4000 893 4065 nobis
921 3999 1140 4087 quaerendum
1161 4007 1217 4082 est,

130 4098 216 4163 unde
238 4098 400 4163 Bentleius
421 4113 603 4164 marcentem
624 4113 653 4165 et
672 4101 838 4164 resolutam
866 4100 1054 4165 stomachum
1081 4100 1218 4186 petierit,

131 4221 206 4265 nam
228 4222 270 4264 ex
291 4199 399 4265 verbis
426 4200 547 4264 lactuca
577 4201 700 4266 abnatat
730 4202 802 4265 acri
820 4214 898 4286 post
928 4203 1033 4266 vinam
1063 4200 1218 4264 stomacho
