2678 4642
217 249 277 314 116
653 263 887 346 conmorrunn

299 430 410 496 Oritici
443 431 551 518 trepens
588 431 827 517 suppositicium
859 428 920 494 rati
951 436 1017 492 tum
1033 441 1201 515 ,praestita
1234 424 1304 489 tum

215 528 333 616 inposta,
359 540 426 595 tum
446 527 569 606 insinno,
590 538 657 593 tum
678 527 704 594 io
727 546 816 613 panus
842 528 987 593 substitui
1013 526 1192 609 voluerunt3
1220 533 1303 590 atta·

213 653 289 695 men
309 628 466 696 vocabulo
486 631 594 717 rispens
614 628 693 693 nihil
713 629 839 694 videtur
866 629 1030 711 sincerius,
1059 624 1227 691 dummodo
1256 646 1302 688 ne

215 730 365 796 fulturam
385 729 545 816 intelligas
566 730 746 794 immanem.
789 728 839 792 Ne
857 729 987 814 ,inopem
1009 728 1078 791 sive
1100 724 1220 790 viribus
1244 724 1301 788 de-

213 832 356 895 stitutum
376 852 479 895 venae
508 829 669 912 deficiant,
690 827 779 893 nulla
804 837 890 914 patet
916 826 1060 892 remedia
1084 824 1303 911 impendenda

215 952 286 995 esse
314 930 376 994 nisi
401 929 600 994 roborantia·
638 928 725 992 Hine
750 926 944 1006 vocabulum
970 928 1091 1014 clepens,
1120 924 1300 1011 praemisso

212 1031 334 1116 inopem
349 1029 536 1115 oppositum,
557 1027 644 1093 idem
665 1027 838 1112 designare
861 1028 1003 1113 sequitur
1016 1048 1055 1090 ao
1069 1024 1184 1106 aalide,
1206 1025 1301 1112 kraf-

213 1131 267 1216 tr‘p,
290 1130 387 1210 atorlr,
410 1128 464 1214 qui
485 1127 682 1213 significatus
703 1148 768 1191 non
788 1127 833 1191 ita
846 1149 936 1191 rarus
952 1135 1008 1190 est.
1037 1123 1092 1188 Sic
1106 1124 1301 1188 Idomeneus

213 1226 255 1292 ab
276 1227 410 1292 Horatio
433 1227 539 1292 Oarm.
562 1225 620 1310 IV,
642 1227 671 1310 9,
695 1227 744 1291 19.
771 1227 885 1313 ingens
911 1234 1058 1308 vocatur,
1085 1224 1127 1289 ab
1154 1222 1299 1287 Homero

211 1326 249 1392 ΙΙ.
272 1326 366 1410 XIII,
393 1327 463 1391 330.
483 1339 567 1413 φλογὶ
588 1343 689 1398 εἴκελος
709 1339 797 1407 citato
826 1326 938 1390 dictus.
987 1324 1068 1389 Oibo
1095 1332 1201 1388 autem
1231 1344 1300 1387 non

214 1427 389 1492 accedente
411 1449 476 1491 non
496 1426 591 1490 modo
612 1429 757 1513 inopem,
779 1425 836 1491 sed
858 1446 1015 1512 quemque
1045 1425 1139 1488 etiam
1167 1423 1299 1487 sanissi-

212 1548 298 1591 mum
320 1526 479 1590 hominem
500 1547 603 1589 venae
626 1525 785 1610 deficiunt,
811 1547 909 1611 quare
931 1526 1037 1612 inpane
1059 1525 1155 1588 etiam
1176 1521 1220 1587 ad
1240 1543 1299 1586 no-

211 1647 286 1690 men
301 1627 387 1691 cr'bas
401 1625 515 1689 referri
530 1625 635 1690 debet.
659 1625 725 1690 cfr.
742 1626 809 1690 sat.
824 1625 850 1708 I,
872 1624 901 1708 3,
919 1625 987 1688 129.
1004 1646 1051 1710 sq.
1067 1636 1174 1688 cantor
1195 1636 1300 1700 tomen

213 1739 304 1813 atque
326 1727 458 1811 optaras
479 1737 523 1789 est
542 1725 726 1790 modulator.
749 1724 1050 1808 Carm.11,13,17.
1072 1744 1141 1809 sqq.
1164 1723 1301 1809 aopr'ttoa

212 1839 241 1889 et
263 1825 389 1890 celerem
401 1827 520 1912 sapam
539 1870 641 1907 -,
664 1839 789 1890 octenos
808 1867 890 1878 --
912 1837 940 1888 et
960 1823 1075 1888 Italam
1094 1822 1199 1886 robur.
1225 1819 1298 1884 Oio.

211 1916 307 2003 Tuso.
329 1924 441 2008 111,a.
463 1948 556 2011 qaum
585 1924 693 1990 decore
721 1938 812 2011 otqae
843 1925 929 1990 omni
956 1947 1002 1987 me
1034 1923 1175 1988 orbatam
1203 1919 1298 1986 ἰαιιᾶε

209 2024 366 2089 recordor.

208 2165 239 2217 V.
258 2166 313 2216 155.
331 2180 369 2230 sq.
409 2164 451 2214 Tu
468 2167 573 2215 cessas?
605 2164 732 2231 Agedum,
749 2179 822 2215 sume
837 2163 888 2215 hoc
904 2163 1073 2230 ptisanarium
1089 2177 1191 2226 oryzae.
1264 2195 1267 2202 ,

406 2248 504 2310 Quanti
520 2249 638 2298 emtae?
660 2247 754 2298 Parvo.
780 2248 878 2311 Quanti
895 2249 974 2314 ergo?
992 2246 1154 2296 Octussibus.
1171 2244 1262 2295 Eheu!

293 2369 521 2450 Quaestionem
541 2372 653 2458 quanti
673 2370 793 2435 canae?
818 2369 920 2436 solum
942 2370 1065 2436 librarii
1084 2377 1297 2457 procrearunt
1335 2396 1337 2403 ·

209 2469 357 2556 proxima
388 2491 534 2555 quaeque
563 2469 781 2558 conglutinare
810 2469 903 2535 soliti.
948 2470 1035 2552 Quid
1066 2471 1150 2534 enim
1173 2467 1297 2555 Opimii

210 2569 392 2654 'comperire
413 2570 599 2653 interfuerit,
621 2592 684 2655 quo
698 2570 800 2655 pretio
816 2593 909 2656 oryza
922 2571 1087 2657 ptisanarii
1102 2578 1186 2654 emta
1200 2577 1295 2654 esset,

179 2728 182 2733 .
210 2689 309 2754 quum
342 2669 373 2732 ei
395 2670 611 2755 ptisanorz’am
643 2691 761 2756 oryzae
791 2670 1035 2756 propinaretur?
1077 2669 1191 2734 Nonne
1219 2690 1296 2734 eum

209 2768 339 2831 omnino
362 2768 528 2855 oportebat
549 2769 714 2849 sciscitari,
737 2778 887 2855 quantam
900 2771 969 2856 ipse
983 2771 1153 2856 pecuniam
1167 2767 1294 2834 solvere
1321 2775 1326 2783 '

209 2866 353 2950 deberet,
375 2889 436 2932 neo
458 2877 606 2954 quantam
626 2868 770 2933 medicus
792 2868 962 2934 solvisset?
1003 2869 1117 2955 Neque
1148 2869 1294 2934 medicus

207 2967 405 3052 respondens
425 2969 562 3055 pretium
589 2990 722 3054 oryzae,
755 2968 813 3033 sed
840 2970 1006 3055 ptisanarii
1032 2990 1149 3055 oryzae
1176 2967 1294 3054 retulit,

207 3066 293 3131 unde
317 3065 478 3153 Opimium
501 3090 627 3154 quoque
647 3069 784 3154 pretium
809 3070 976 3156 ptisanarii
995 3091 1057 3133 neo
1078 3090 1196 3154 oryzae
1217 3089 1292 3154 per-

208 3175 370 3230 contatum
392 3188 462 3230 esse
485 3169 660 3232 certissime
683 3167 827 3232 efficitur.
862 3168 1003 3233 Restitue
1027 3170 1134 3254 itaque
1154 3168 1293 3234 Horatio

206 3264 460 3351 quaeritatum?
491 3288 536 3331 sc.
558 3291 685 3332 samaro.
728 3267 909 3334 Nostrates:
942 3293 980 3334 aa
1014 3269 1153 3363 waledene
1183 3267 1292 3356 Kous-

197 3364 327 3451 preise?
1308 3391 1310 3394 ⁴

204 3495 236 3548 V.
256 3499 311 3548 157.
346 3498 416 3559 Quid
431 3497 516 3562 refert,
533 3458 622 3549 morbo
640 3467 675 3549 an
691 3498 766 3549 furtis
783 3515 973 3566 pereamque
988 3500 1103 3565 rapinis?

286 3611 349 3677 Pro
376 3612 504 3699 vulgato
532 3636 766 3701 pereamque
792 3615 955 3681 Bentleius
981 3613 1291 3702 v.l.perea1nve

203 3713 376 3795 revocavit,
398 3712 573 3777 secundum
596 3736 691 3800 quam
707 3713 852 3802 Opimius
866 3718 970 3803 pretio
986 3716 1121 3780 remedii
1134 3725 1291 3802 percepto

203 3812 359 3876 trifariam
381 3811 477 3877 dese
508 3822 612 3878 actum
635 3836 711 3879 ,esse
740 3815 885 3901 opinatus
916 3817 1037 3881 referre
1067 3822 1180 3901 negat,
1212 3838 1291 3882 num

202 3910 313 3976 morbo
335 3935 377 3977 an
407 3911 518 3978 morbo
544 3912 667 3978 sublato
695 3914 787 3978 furtis
812 3915 931 3980 medici
959 3939 1000 3980 an
1027 3915 1152 3980 medico
1180 3925 1290 4003 spreto

201 4012 323 4098 rapinis
351 4011 440 4076 avidi
466 4010 594 4078 heredis
623 4015 767 4078 intereat.
811 4013 878 4079 Sed
905 4017 1030 4080 tertium
1061 4015 1291 4082 internecionis

202 4132 303 4195 genus
319 4109 485 4196 claudicat,
498 4111 806 4200 quoniamOpimius
821 4114 981 4180 medicum
995 4137 1149 4203 spernens
1163 4116 1290 4202 morbo,

153 4219 156 4226 '
200 4207 361 4276 medicum
386 4233 463 4278 vero
489 4211 657 4278 admittens
688 4213 779 4280 frutis
806 4213 924 4280 medici
955 4216 1019 4282 iam
1047 4214 1290 4302 conficiebatur,
