2678 4642
173 204 214 270 66
601 219 834 269 coumcrsnna

175 408 247 452 cam
268 384 462 473 amplissime
484 384 652 470 illustram,
673 394 708 451 ut
728 385 771 470 fit,
792 408 861 451 rem
880 385 1058 473 principem
1073 385 1188 452 oblitus
1204 393 1262 452 est.

175 488 299 574 Nempe
321 495 355 549 ut
376 485 416 549 de
439 507 477 549 eo
498 493 671 569 taceamus,
692 487 726 550 in
748 506 860 572 campo
881 485 997 550 Martio
1018 485 1178 551 Romanos
1199 510 1265 551 non

175 587 271 652 modo
292 585 368 673 pila,
388 607 502 650 verum
521 584 663 672 pluribus
683 587 778 650 etiam
799 585 870 649 aliis
889 584 972 650 ludis
994 608 1065 650 sese
1082 587 1264 650 exercuisse

175 696 269 772 atque
291 685 374 749 hanc
396 685 437 750 ob
461 707 590 749 causam
612 686 741 749 minime
764 707 937 771 apparere,
960 707 1017 749 cur
1039 685 1139 749 solum
1160 685 1265 750 lusum

175 787 333 871 trigonam
360 793 455 871 poeta
483 783 636 848 attulerit:
669 792 742 848 ante
770 785 877 849 omnia
901 785 1011 870 utique
1039 785 1073 848 id
1099 785 1262 850 Bentleius

178 892 425 949 commonstrare
441 882 588 967 debebat,
609 883 788 967 Horatium,
810 884 838 947 si
858 905 922 947 non
937 885 1041 967 unice,
1063 883 1176 948 saltem
1197 907 1263 949 om-

177 985 252 1048 nino
274 983 341 1071 pila
361 982 472 1048 ludere
495 984 710 1047 consuevisse.
742 982 815 1047 Hoc
837 1005 915 1048 sane
937 982 1107 1048 scholiasta
1128 983 1263 1069 Oruqui-

179 1106 257 1150 anus
279 1083 397 1169 aliique
418 1083 609 1168 interpretes
630 1081 673 1146 ad
687 1081 754 1146 Sat.
769 1081 812 1165 H,
828 1083 857 1166 6,
872 1082 923 1147 49.
938 1083 1032 1149 nobis
1046 1083 1266 1170 prodiderunt,

178 1185 248 1269 ipse
270 1192 376 1247 autem
396 1191 491 1268 poeta
513 1181 630 1246 diserte
651 1182 783 1266 negavit
803 1179 870 1245 sat.
892 1181 919 1265 I,
941 1182 970 1266 5,
992 1182 1043 1247 48.
1066 1205 1113 1268 sq.
1147 1184 1266 1247 Lusum

178 1285 204 1347 it
225 1284 400 1364 Maecenas,
423 1281 589 1346 dormitam
610 1304 664 1369 epo
692 1281 908 1367 Vr'rpib'usqoe,
933 1305 1064 1368 nomque
1079 1283 1151 1366 pilo
1172 1282 1268 1367 lippis

178 1385 338 1447 ritimicam
365 1394 394 1446 et
420 1380 525 1446 ludere
553 1380 669 1445 crudis.
722 1379 837 1466 Apage
864 1380 962 1465 igitur
989 1382 1089 1445 lusam
1116 1382 1267 1468 tripoaam

180 1505 244 1546 non
264 1483 368 1545 minus
390 1501 485 1565 quam
506 1481 628 1544 rabiosi
653 1492 792 1563 tempora
817 1480 910 1565 sr'par'.
946 1480 1097 1545 Attamen
1126 1504 1267 1566 campum

179 1580 457 1671 pernecessarium
477 1578 614 1664 ideoque
636 1579 810 1663 genuinum
832 1579 993 1662 ducimus,
1021 1578 1106 1643 unde
1128 1601 1266 1664 sequens

180 1682 339 1766 tusamque
360 1700 516 1766 perquam
536 1676 702 1765 probabile
725 1677 841 1761 evadit,
862 1679 908 1742 ita
921 1686 955 1741 ut
975 1686 1096 1742 tantum
1118 1681 1268 1767 trr'poaem

181 1779 375 1866 imprudenti
397 1778 525 1843 cuidam
545 1777 754 1863 grammatico
775 1786 944 1862 acceptum
964 1778 1150 1842 referamus.
1186 1777 1267 1841 For-

179 1887 266 1944 tasse
288 1879 447 1942 sincerum
468 1886 519 1941 est
531 1878 630 1964 sopio
653 1899 793 1961 campum
813 1877 970 1962 tusamque
995 1875 1160 1961 sttiqosuol,
1182 1875 1214 1941 h.
1238 1897 1267 1941 e.

179 1980 365 2059 inornatum,
387 1977 503 2042 nudum
524 1999 583 2041 seu
601 1978 786 2063 ppmaicom.

262 2077 336 2141 Non
351 2075 552 2159 dissimiliter,
567 2075 674 2157 oredo,
689 2075 884 2161 principium
897 2075 1000 2161 Epist.
1015 2074 1060 2159 H,
1075 2075 1105 2139 3.
1121 2075 1268 2140 Humano

182 2177 282 2262 capiti
301 2177 448 2261 cervicem
460 2177 568 2260 pictor
589 2177 732 2260 epotam
757 2175 884 2262 irrupere
904 2176 936 2239 si
954 2175 1026 2239 velit
1047 2176 1202 2240 atoarios
1223 2176 1269 2239 rir-

59 2337 69 2368 s
182 2275 292 2340 docere
306 2275 434 2361 plumas
454 2274 589 2358 undique
617 2274 737 2339 collatos
764 2275 916 2356 membris,
944 2287 979 2338 at
1005 2277 1137 2360 turpiter
1166 2288 1270 2339 arsam

182 2374 304 2439 decebat
323 2375 358 2438 ia
370 2375 493 2459 priscam
513 2373 624 2438 mulier
640 2375 791 2460 formosa
816 2397 945 2458 soporae
973 2373 1181 2460 depravatum
1211 2382 1268 2438 est.

182 2473 335 2537 Horatius
357 2471 487 2557 quidem
502 2471 542 2537 de
557 2472 747 2537 inconcinno
763 2471 912 2537 disseruit
924 2474 1057 2560 pictore,
1079 2482 1113 2538 at
1125 2474 1268 2538 Pseudo·

183 2570 337 2637 daedalus
358 2572 428 2655 iste,
450 2573 505 2657 qui
523 2573 647 2658 plumas
668 2570 822 2654 subdidit,
842 2573 1000 2658 pictorem
1019 2572 1113 2659 plane
1135 2573 1271 2646 delirum

183 2672 306 2737 invexit
326 2679 420 2757 atque
441 2671 571 2757 insuper
591 2670 732 2737 tabulam
753 2670 881 2735 sibimet
906 2672 970 2758 ipsi
994 2671 1199 2737 vehementer
1219 2694 1270 2736 re·

183 2779 379 2858 pugnantem
410 2769 571 2837 confinxit.
613 2769 699 2835 Hinc
730 2770 867 2854 scilicet,
898 2771 986 2856 quod
1019 2773 1177 2859 quispiam
1212 2770 1270 2836 hu·

183 2893 277 2935 mano
300 2870 397 2957 capiti
419 2871 580 2936 cervicem
601 2871 750 2955 equinam
771 2871 927 2957 appingat
939 2871 1155 2956 membrisque
1177 2871 1270 2935 undi-

185 2991 247 3056 que
269 2969 389 3035 collatis
410 2970 519 3035 varias
539 2967 670 3034 inducat
688 2967 823 3056 plumas,
844 2969 958 3037 mulier
972 2992 1108 3056 superne
1130 2971 1272 3036 formosa

183 3069 317 3156 turpiter
343 3078 445 3134 atrum
471 3070 505 3134 in
530 3069 653 3155 piscem
679 3068 827 3134 desinens
855 3069 986 3156 prodire
1013 3069 1136 3134 dicitu.
1179 3069 1271 3155 Ergo

184 3168 239 3240 vel
258 3168 372 3232 mulier
393 3169 496 3255 capite
516 3167 656 3255 plumato
679 3167 783 3232 adhuc
805 3190 940 3254 superne
969 3168 1132 3232 formosa?
1174 3167 1271 3233 Unde

184 3289 280 3355 porro
301 3266 439 3353 simplex
457 3268 556 3355 piscis
577 3275 655 3349 ater,
677 3275 885 3353 posteaquam
905 3267 1009 3353 pictor
1030 3268 1151 3332 cunctis
1172 3290 1271 3332 mem-

185 3367 252 3434 bris
275 3366 440 3432 collaticiis
460 3367 568 3431 varias
589 3365 751 3443 induxerit
762 3366 910 3453 plumas?
945 3366 1118 3431 Praeterea
1131 3365 1271 3432 humano

186 3462 292 3553 capite
314 3489 389 3530 cum
409 3467 537 3530 cervice
559 3467 677 3552 equina
696 3466 857 3553 proposito
878 3487 944 3530 non
965 3465 1132 3551 opo1tebat
1156 3467 1270 3553 imagi·

185 3587 261 3631 nem
280 3566 482 3652 interrumpi,
508 3566 566 3631 sed
587 3565 627 3630 de
656 3567 770 3630 ceteris
802 3586 928 3656 quoque
957 3565 1098 3652 corporis
1126 3566 1271 3652 partibus

185 3665 288 3732 verba
307 3664 388 3729 fieri.
429 3663 479 3729 Ac
500 3686 578 3729 sane
599 3665 676 3730 fecit
697 3687 737 3729 ea
756 3664 919 3746 Horatius,
940 3665 986 3728 uti
1004 3665 1092 3729 testis
1108 3674 1155 3729 est
1170 3665 1269 3746 Quin·

184 3764 312 3830 tilianus
343 3763 420 3829 Inst.
450 3762 506 3829 Or.
535 3764 627 3847 VIII,
652 3764 682 3846 3,
705 3764 755 3828 60.
787 3761 873 3829 hunc
903 3763 1009 3828 locum
1040 3767 1087 3829 stc
1116 3765 1271 3830 reddens:

185 3865 329 3929 Humano
351 3865 451 3950 capiti
469 3865 616 3929 cervicem
636 3865 744 3948 pictor
769 3864 912 3948 equinam
936 3867 1063 3952 abrupere
1090 3867 1122 3929 si
1146 3865 1218 3929 oel't
1244 3878 1273 3929 et

185 3977 287 4028 catera
312 3986 352 4028 ac
379 3963 512 4028 dabarach
542 3965 664 4027 naturas
695 3963 849 4027 sabiiozbt.
892 3964 947 4028 Ex
978 3985 1042 4050 qua
1073 3966 1271 4050 expositione

186 4084 261 4127 eum
280 4063 315 4127 in
336 4062 512 4149 exemplari
533 4083 590 4126 suo
612 4060 716 4126 adhuc
736 4063 895 4148 reperisse
911 4063 1025 4150 colligo
1048 4076 1077 4127 et
1097 4065 1205 4129 variar
1225 4065 1272 4129 ris-

111 4223 114 4230 ,
185 4161 296 4228 docere
315 4160 411 4244 potios
431 4161 566 4248 oadr'qoa
586 4161 707 4228 catara
726 4163 879 4248 mandras,
901 4186 996 4250 quam
1017 4162 1187 4229 lectionem
1200 4162 1271 4230 illu-
