2678 4642
123 229 183 295 138
552 245 788 321 conmortuus

120 419 242 479 tantum
264 421 416 497 cessator,
436 410 524 488 baud
545 412 642 479 facile
664 414 802 500 aperias,
830 411 1101 500 quemadmodum
1118 414 1214 503 flagi

120 512 203 576 tibens
223 524 252 576 et
273 535 343 577 erro
365 513 515 600 componi
535 522 663 599 queant,
684 536 761 578 nam
782 512 859 601 quid
874 537 944 578 erro
964 521 1037 601 post
1051 514 1215 601 firpitione

119 610 183 675 sibi
203 611 304 676 velit?
335 610 436 677 Multo
458 622 565 677 autem
586 613 688 681 etiam,
702 612 841 700 putidior
869 620 918 679 est
944 635 976 677 v.
1002 611 1024 677 l.
1044 614 1214 700 sopitione

120 723 155 774 at
176 734 256 792 erro,
279 732 375 796 quam
396 720 524 798 praeter
544 711 664 799 aliquot
688 713 778 777 Feae
805 711 887 779 cdd.
911 712 1009 777 etiam
1028 720 1094 779 tres
1110 700 1215 777 ‘Blan-

120 810 204 875 dinii
225 809 414 877 obtulerunt.
450 811 505 877 Ad
525 811 639 877 falsam
660 819 768 877 tamen
788 813 950 895 utriusque
964 811 1110 877 lectionis
1128 833 1217 877 com·

120 910 312 998 positionem
333 912 416 976 mira
435 911 566 998 insuper
587 912 744 976 sententia
764 910 906 989 accedit,
928 913 1090 999 sopitione
1115 924 1148 976 et
1170 934 1217 976 er·

120 1028 213 1074 renes
233 1012 298 1075 iam
318 1012 400 1093 oeno,
422 1013 487 1076 inm
507 1034 613 1077 somno
630 1035 723 1076 curus
738 1011 905 1099 fefeltssse.
936 1009 1067 1095 Omnes,
1090 1012 1218 1098 opinor,

122 1110 212 1174 servi
231 1110 378 1193 Romani,
411 1111 439 1175 si
459 1111 499 1175 iis
528 1110 607 1175 illud
638 1112 832 1197 contigisset,
864 1111 993 1198 fugitivi
1019 1119 1051 1175 et
1082 1132 1219 1176 errones

120 1209 200 1274 facti
223 1219 340 1274 essent.
383 1209 473 1274 Bene
495 1232 574 1296 ergo
595 1211 666 1277 Fea
693 1223 722 1275 et
748 1234 838 1275 erras
863 1232 906 1275 ex
931 1208 1089 1275 nonnullis
1115 1209 1217 1275 MSS.

121 1307 261 1392 reduxit,
283 1309 342 1374 sed
362 1332 533 1397 perperam
554 1311 636 1376 vitas
647 1311 811 1398 fogitanus
826 1308 999 1396 copulavit,
1020 1332 1119 1395 quum
1141 1332 1219 1376 con·
1240 1348 1244 1357 ·

121 1418 244 1473 struere
267 1409 442 1474 debeamus
464 1422 493 1474 et
504 1410 667 1496 fugitivus
688 1432 784 1492 erras,
806 1411 828 1475 i.
852 1431 880 1474 e.
908 1423 937 1474 et
963 1411 1012 1490 tui
1033 1410 1138 1496 ipsius
1158 1412 1219 1497 fio

118 1509 236 1596 pitseus
264 1532 361 1573 erras.
403 1508 618 1595 Postpositum
650 1521 687 1591 et,
720 1510 781 1574 etsi
811 1509 946 1574 Horatio
972 1509 1221 1574 usitatissimum

123 1607 167 1691 (e.
190 1631 239 1694 gr.
257 1606 323 1672 Sat.
344 1609 371 1691 Ι,
392 1608 423 1692 4,
444 1609 496 1673 51.
517 1607 545 1691 I,
567 1607 597 1691 5,
618 1607 669 1672 58.
691 1608 742 1672 86.
764 1607 791 1692 I,
814 1609 843 1692 6,
867 1608 937 1673 101.
959 1607 986 1693 I,
1008 1608 1038 1690 8,
1060 1608 1111 1672 30.
1136 1609 1165 1693 I,
1187 1610 1219 1693 9,

29 1761 32 1766 ,
122 1706 173 1771 25.
195 1706 223 1790 Ι,
247 1708 296 1791 10,
320 1709 369 1773 79.
391 1707 436 1792 Π,
460 1711 488 1791 1,
510 1707 560 1772 64.
583 1707 627 1791 Π,
649 1707 678 1791 3,
702 1707 772 1773 150.
804 1708 876 1772 231.
905 1707 977 1773 244.
1005 1705 1072 1792 al),
1093 1706 1220 1794 pleros·

123 1828 186 1893 que
208 1806 357 1872 librarios
378 1807 441 1873 hoc
462 1808 533 1872 loco
554 1805 714 1893 fugiebat,
737 1829 836 1893 quare
856 1829 1036 1894 pravosuo
1058 1828 1152 1873 more
1174 1807 1222 1874 ad
1265 1802 1269 1809 ’

47 1940 50 1945 ·
121 1927 240 2071 12105]Ξὲ
263 1909 426 1996 fugitiuus
457 1906 593 1973 alterum
624 1929 695 1971 erro
727 1906 929 1972 affinxerunt.
961 1907 1003 1972 V.
1032 1906 1074 1972 ad
1100 1905 1171 1973 Sat
1192 1907 1222 1992 I,

123 2009 132 2036 ⁶
144 2008 193 2090 ,l
239 2055 246 2071 .

517 2249 655 2324 SM·
677 2251 822 2321 vul.

123 2389 155 2440 V.
174 2391 197 2438 1.
231 2388 267 2438 Ut
284 2386 458 2438 Nasidieni
474 2388 541 2438 iuvit
556 2393 583 2438 te
600 2403 667 2437 cena
682 2388 770 2438 beati?

131 2582 133 2586 μ
205 2503 322 2569 Varias
344 2502 496 2567 lectiones
518 2502 691 2567 Nasidieni
708 2505 766 2588 qni
782 2505 862 2568 invit
883 2511 916 2567 et
936 2515 971 2567 nt
998 2513 1027 2567 te
1047 2500 1224 2569 Nasidieni

118 2605 202 2672 ,invit
231 2604 341 2688 utique
380 2601 659 2688 interpolatoribus
699 2601 868 2686 debemus,
907 2603 962 2688 qui
999 2601 1035 2665 in
1053 2610 1223 2687 ‚quattuor

124 2703 257 2791 syllabis
278 2703 415 2768 nominis
436 2701 609 2767 Nasidieni
626 2701 812 2787 haerebant,
835 2724 933 2789 quum
958 2699 1046 2766 idem
1074 2700 1222 2788 quinque

64 2851 65 2855 ,
125 2804 323 2892 syllabarum
344 2826 375 2867 v.
398 2802 447 2867 75.
470 2811 502 2867 et
522 2801 573 2867 84.
596 2802 785 2867 invenirent.
813 2802 915 2866 Poeta
934 2804 1012 2869 v‘ero
1034 2801 1129 2885 quasi
1150 2823 1224 2866 rem

124 2927 260 2992 gravem
272 2903 470 2991 expositurus
483 2903 595 2967 festive
607 2911 754 2988 quattuor
768 2901 919 2988 spondeis
934 2923 1009 2965 usus
1025 2909 1084 2983 est,
1106 2921 1222 2986 quam·

126 3005 238 3070 obrem
252 3002 330 3067 nihil
344 3003 583 3068 immutandum.
617 3001 684 3067 cfr.
700 3002 792 3067 initia
806 3000 874 3065 Sat.
896 3000 923 3081 I,
946 3005 975 3065 1.
997 2999 1024 3084 I,
1047 3000 1096 3064 10.
1120 2999 1167 3084 Π,
1190 3001 1223 3066 3.

125 3102 229 3191 Epist.
251 3103 278 3187 I,
299 3103 330 3168 2.
351 3103 378 3186 I,
405 3103 436 3167 4.
465 3101 491 3186 I,
521 3102 580 3186 19,
606 3102 723 3188 quibus
753 3101 912 3166 contraria
937 3108 1010 3164 sunt
1036 3097 1104 3164 Sat.
1133 3100 1162 3184 I,
1190 3100 1224 3166 4.

124 3205 168 3286 H,
193 3208 220 3268 l.

126 3338 157 3389 V.
177 3339 215 3390 16.
233 3353 290 3403 sqq.
329 3336 382 3384 Hic
398 3335 487 3385 herus:
516 3334 655 3397 Albanum,
671 3333 820 3396 Maecenas,
838 3334 894 3384 sive
910 3332 1053 3383 Falernum

323 3418 464 3484 Tamagis
481 3417 608 3482 appositis
626 3416 744 3479 delectat,
762 3417 888 3467 habemus
905 3420 1052 3481 utrumque,

323 3501 467 3551 Divitias
485 3501 627 3550 miseras.
662 3500 715 3550 Sed
733 3500 791 3566 quis
809 3499 962 3549 cenantibus
979 3513 1041 3559 una,

298 3619 300 3623 -
325 3585 456 3646 Fundani,
473 3584 581 3649 pulchre
598 3583 676 3634 inerit
690 3584 746 3645 tibi,
764 3598 842 3632 nosse
859 3581 959 3632 laboro.

209 3701 357 3787 Plerique
393 3700 495 3764 critici
534 3699 664 3765 diustius
697 3700 828 3763 me'serns
865 3696 1001 3761 Horatio
1042 3693 1224 3780 assignant,

127 3800 321 3868 multimodis
344 3800 474 3886 quidem
495 3800 627 3864 nn‘sercs
655 3798 875 3886 explanantes.
920 3796 988 3861 Sed
1016 3816 1225 3881 quacumque

129 3903 256 3968 demum
278 3902 401 3965 ratione
423 3898 484 3963 hoc
505 3897 698 3963 vocabulum
720 3897 955 3980 enucleaveris,
987 3894 1075 3959 nulla
1095 3893 1132 3959 id
1154 3895 1226 3960 effi-

128 4004 211 4086 cias,
248 4001 429 4082 Horatium,
467 4000 522 4085 qui
556 4021 588 4063 v.
623 3999 651 4062 1.
689 3997 901 4062 Nasidienum
932 3995 1062 4061 vocavit
1089 3994 1225 4077 beatum,

127 4102 180 4168 hic
202 4101 345 4166 eiusdem
368 4100 495 4165 divitias
516 4101 649 4164 me'seras
671 4097 801 4180 dixisse,
824 4104 995 4183 quaesunt
1016 4095 1226 4161 miserorum.

128 4203 169 4270 V.
193 4201 236 4268 ad
258 4201 326 4267 Sat.
349 4200 375 4285 Ι,
397 4200 427 4283 2,
449 4200 500 4264 36.
522 4199 598 4286 Ipse
619 4199 725 4285 itaque
752 4197 947 4263 Nasidienus
976 4195 1106 4260 de'ct‘tias
1133 4196 1227 4261 nuise-
