2678 4642
103 218 164 284 100
532 233 767 282 cumaculam

184 399 348 466 Urbanior
369 405 417 464 est
439 400 659 476 coniunctirus
681 399 838 464 describat
858 419 956 486 quam
976 420 1009 464 v.
1030 397 1051 463 l.
1075 397 1198 466 descri-

27 585 29 589 ¹
102 501 159 582 bit,
190 522 273 586 quae
301 522 322 564 a
346 498 492 564 Bentleio
521 502 661 564 maxime
689 507 819 587 propter
851 497 955 584 Epist.
982 497 1031 582 ΙΙ,
1059 485 1089 583 3,
1118 499 1197 564 263.

100 599 175 664 Nou
202 600 305 686 quebe's
331 598 415 663 uidet
447 591 650 665 immortalem
677 611 824 685 poemata
850 596 947 662 iudea
974 608 1105 685 recepta
1132 607 1197 664 est.

102 697 163 764 Oui
186 720 328 786 opponas
349 698 416 763 Sat.
439 698 483 782 Π,
504 698 534 782 4,
555 698 606 763 35.
629 722 684 763 aec
704 700 769 764 sebi
788 721 932 762 cenarum
958 699 1061 784 qarbr'e
1081 711 1197 764 temere

100 812 226 886 crroqet
247 811 345 864 artem
365 806 398 863 et
418 818 501 885 quae
523 796 565 863 ad
586 795 653 861 Sat.
675 796 702 881 Ι,
724 797 754 881 4,
777 798 827 862 70.
850 798 1066 884 exposuimus.

101 946 133 998 V.
149 949 190 1001 21.
208 963 265 1014 sqq.
304 949 409 1010 Quanto
426 947 522 997 rectius
539 946 589 997 hoc
606 962 685 1012 quam
701 946 768 996 tristi
784 945 888 996 laedere
904 962 982 998 versu

299 1029 514 1080 Pantolabum
531 1044 674 1080 scurram
690 1029 982 1095 Nomentanumque
998 1034 1158 1097 nepotem,

300 1113 388 1174 Quum
404 1112 456 1162 sibi
473 1113 582 1179 quisque
598 1113 679 1175 timet,
698 1127 855 1179 quamquam
872 1117 912 1162 est
927 1113 1061 1179 intactus,
1075 1119 1101 1165 et
1121 1115 1195 1166 editi

187 1243 224 1309 Si
243 1244 326 1309 haec
347 1243 475 1310 Horatii
497 1254 603 1311 essent
622 1243 733 1328 verba,
756 1266 829 1309 eum
851 1244 892 1310 de
913 1246 1068 1312 industria
1087 1270 1118 1312 v.
1139 1246 1196 1312 22.

102 1343 193 1431 poesi
214 1367 293 1431 suae
314 1344 464 1410 satiricae
485 1345 617 1409 multum
639 1343 809 1424 detrahere
831 1347 990 1432 suspicari
1010 1368 1136 1433 posses;
1159 1354 1197 1411 at

103 1442 256 1510 Trebatio
275 1434 377 1509 'satira
396 1443 578 1509 Horatiana
599 1466 651 1509 res
672 1443 802 1508 minime
823 1452 888 1510 tam
910 1445 991 1512 levis
1012 1444 1195 1530 videbatur,

103 1552 138 1607 ut
159 1565 232 1608 eam
253 1543 402 1609 arbitrari
423 1554 531 1630 posset
552 1542 653 1608 solum
674 1544 709 1607 in
722 1543 899 1610 Pantolabo
921 1568 1032 1611 scurra
1051 1544 1194 1610 Nomen·

103 1650 242 1729 tanoque
263 1652 379 1730 nepote
400 1643 637 1730 proscindendo
660 1643 845 1709 consistere.
887 1644 1002 1732 Itaque
1026 1644 1088 1711 hoc
1109 1644 1194 1710 iudi·

104 1743 189 1807 cium
210 1764 274 1807 nou
295 1744 474 1827 Horatium,
495 1742 553 1808 sed
576 1766 647 1807 eum
667 1743 772 1829 potius
794 1754 955 1810 auctorem
983 1744 1104 1809 habere
1131 1766 1194 1831 pu-

102 1849 222 1926 tamus,
255 1843 310 1927 qui
341 1843 476 1908 verbum
507 1843 628 1908 laedere
659 1844 833 1929 nonnullis,
870 1866 949 1930 quos
985 1842 1194 1928 desideraret,

104 1942 297 2007 accusativis
313 1952 522 2007 exomaturus
543 1944 612 2007 sinc
628 1944 819 2030 ambagibus
832 1944 1037 2008 Pantolabum
1051 1967 1197 2008 scurram

102 2042 398 2129 Nomentanumque,
420 2055 557 2128 oqnotem
590 2065 632 2124 ex
661 2042 728 2108 Sat.
757 2044 784 2127 I,
811 2045 841 2128 8,
870 2045 919 2107 11.
949 2042 1076 2122 accivit.
1120 2041 1195 2123 Quo

103 2140 292 2206 emblemate
315 2164 335 2206 a
356 2151 461 2206 mente
483 2141 628 2207 Trebatii
650 2142 844 2207 alienissimo
868 2143 964 2207 etiam
984 2141 1063 2207 illud
1087 2142 1194 2206 incre·

103 2239 202 2305 dibile
230 2240 322 2305 nobis
350 2242 507 2325 narravit,
536 2263 648 2307 scurra
675 2241 815 2327 quodam
842 2251 872 2306 et
898 2251 1014 2330 nepote
1042 2241 1193 2307 vellicato
1254 2315 1256 2318 ¹

102 2347 201 2404 tetam
222 2341 355 2404 Romam
376 2342 410 2405 in
431 2342 576 2406 timerem
598 2342 778 2417 coniectam
800 2350 894 2427 atque
921 2341 1091 2408 Horatium
1116 2340 1191 2405 edio

101 2448 329 2528 persequutam
351 2461 449 2504 esse·
467 2440 562 2505 Eiice
585 2463 663 2526 ergo
679 2463 809 2506 versum
822 2441 1005 2526 insiticium,
1028 2463 1090 2528 quo
1105 2441 1192 2506 facto

102 2538 248 2606 Trebatii
267 2560 457 2626 responsum
478 2540 596 2626 optime
617 2538 759 2604 habebit.
1178 2549 1181 2555 ’

102 2673 133 2727 V.
150 2674 191 2724 28.
208 2648 264 2741 sqq.
499 2672 544 2724 Me
560 2673 672 2738 pedibus
690 2672 802 2724 delectat
818 2673 939 2724 claudere
955 2673 1038 2724 verba

299 2754 386 2805 Lucili
402 2756 460 2818 ritu,
477 2760 594 2807 nostrum
611 2755 750 2807 melioris
767 2759 886 2822 utroque.

299 2837 348 2888 Ille
364 2837 438 2889 velut
453 2838 512 2889 fidis
530 2855 627 2890 arcana
644 2838 780 2890 sodalibus
797 2838 859 2889 oIIm

300 2921 431 2990 (tradebat
447 2917 528 2985 libris,
544 2937 630 2987 neque
647 2923 670 2973 si
686 2922 755 2979 male
768 2925 934 2989 gesserat,
951 2936 1084 2987 usquam
1121 2988 1124 2993 ῃ

187 3023 190 3030 ·
298 3004 446 3055 Decurrens
463 3006 524 3069 alio,
541 3021 627 3070 neque
644 3006 763 3056 sibene:
782 3021 832 3070 quo
849 3005 886 3068 lit,
902 3008 932 3055 ut
948 3005 1032 3056 omnis
1100 3002 1103 3007 ’

298 3088 395 3139 Votiva
410 3094 500 3154 pateat
515 3088 597 3140 veluti
613 3089 743 3154 descripta
758 3087 857 3138 tabella

299 3171 361 3222 Vita
377 3171 472 3223 senis.

184 3285 328 3350 Meliora
356 3284 399 3350 ad
427 3288 555 3373 generis
569 3286 781 3353 nobilitatem
808 3286 957 3352 revocari
984 3286 1080 3372 solet,
1107 3287 1197 3373 quod

104 3384 249 3450 Lucilius
271 3384 416 3471 Pompeii
430 3386 544 3472 Magni
565 3381 716 3452 avus'vel
737 3408 873 3473 magnus
894 3384 1069 3451 avunculus
1091 3386 1197 3452 factus

103 3485 160 3566 sit3
192 3483 250 3549 sed
276 3494 416 3550 mortuus
444 3485 532 3551 haud
561 3486 658 3552 dubie
691 3487 913 3573 generositatis
941 3485 1197 3574 supplementum

103 3606 169 3648 non
189 3582 325 3670 amplius
347 3586 473 3672 accepit
501 3587 582 3650 etsi
609 3587 802 3673 accepisset,
829 3586 864 3651 id
890 3586 1060 3672 Horatius,
1092 3597 1127 3651 ut
1153 3610 1196 3652 ex

103 3683 169 3749 Sat.
192 3683 219 3766 I,
249 3684 279 3747 6.
309 3682 437 3748 abunde
471 3686 664 3771 perspicies,
695 3685 787 3750 nihili
818 3687 1039 3752 aestimaturus
1070 3687 1192 3752 fuisset.

101 3782 248 3848 Proinde·
266 3784 403 3850 melrbrr'e
425 3784 465 3849 de
493 3785 635 3850 moribus
656 3784 826 3872 intelligas,
847 3794 881 3850 ut
902 3785 970 3850 Sat.
993 3785 1020 3871 I,
1041 3786 1071 3871 3,
1093 3786 1143 3850 32.
1164 3784 1192 3867 Ι,

104 3884 152 3968 10,
173 3883 204 3948 4.
229 3881 269 3947 al.
510 3965 515 3974 ⁶

184 3984 225 4048 V.
249 3984 299 4047 31.
322 3983 442 4069 aliquot
462 3984 672 4050 membranae
694 3998 827 4050 cesserat
853 4007 912 4072 pro
933 3983 1065 4071 vulgato
1092 4005 1192 4071 pesse-

101 4096 153 4148 rat
174 4082 338 4148 exhibent.
374 4083 459 4149 Illud
478 4084 643 4150 Bentleius
664 4084 760 4170 longe
781 4084 940 4170 praetulit,
961 4083 1046 4150 hane
1066 4090 1191 4148 senten·
1214 4166 1217 4173 Ι

101 4185 182 4248 tiam
200 4192 292 4248 extra
313 4204 449 4270 omnem,
470 4194 504 4251 ut
524 4192 686 4269 autumat,
706 4183 965 4271 reprehensionis
987 4184 1094 4253 aleam
1115 4204 1190 4248 con-
