2678 4642
100 185 161 251 102
547 203 782 253 comscrmms

99 375 231 453 quulum
252 389 333 435 esse.
377 367 444 435 Cfr.
467 368 567 457 Soph.
589 369 706 436 Trach.
728 370 799 435 767.
816 390 886 456 sqq.
912 384 959 438 καί
975 381 1207 460 apocmiccsras·

99 483 261 557 πλευραῖσιν
285 485 443 557 ιλρτίκαλλας
467 480 533 538 dria
553 486 673 542 τέκτονος
683 480 771 556 χιτών
792 482 869 538 απαν
889 482 945 538 κατ’
897 481 1077 604 ἄρθρον
1119 470 1201 549 Arl-

99 566 201 653 stoph.
216 567 293 633 Pac.
305 570 377 634 234.

99 682 313 756 πολεμιστηρίας,
331 669 354 733 i.
374 690 403 734 e.
423 684 539 755 φθέγμα
557 679 647 757 ὥσπερ
664 686 760 740 θυείας
775 684 984 758 πολεμιστηρίας

186 765 339 833 Similiter
360 769 597 854 comparatione
623 789 688 832 non
716 767 943 832 animadversa
970 767 1072 832 critici
1097 768 1201 835 etiam

102 863 273 931 clarissimi
293 866 377 954 lapsi
397 869 523 932 suntin
544 867 648 954 Epist.
675 866 702 952 Ι,
728 867 758 952 b,
787 868 837 932 10.
864 889 912 952 sq.
939 868 1064 954 imparia
1090 868 1201 934 licebit

100 966 250 1031 aestivam
271 990 409 1032 sermono
423 968 552 1055 deniqne
576 966 699 1032 tendere
713 980 840 1032 noctem.
875 966 968 1047 Quae
982 966 1083 1033 verba
1096 989 1200 1053 quum

99 1061 254 1130 Horatius
276 1057 386 1130 mense
409 1065 591 1154 Septembri
613 1076 756 1131 extremo
777 1066 951 1152 scripserit,
974 1089 1047 1131 eum
1063 1077 1197 1134 noctem

102 1165 318 1229 autumnalem
345 1167 486 1230 aestivae
517 1175 640 1231 tantum
667 1167 896 1253 aequiparasse
922 1166 1030 1251 utique
1056 1188 1197 1232 necesse

101 1270 159 1327 est.
204 1264 365 1346 Quocirca
390 1267 540 1331 aestivam
564 1265 644 1330 nihil
664 1275 768 1352 potest
789 1264 878 1330 aliud
903 1264 1078 1330 declarare·
1093 1288 1194 1352 quam

103 1375 262 1450 tamquam
296 1368 461 1447 aestivam,
500 1365 618 1430 omissa
662 1365 709 1428 uti
751 1365 945 1430 creberrime
988 1367 1198 1453 comparandi

100 1463 269 1549 particula.
310 1464 376 1530 Cir.
397 1464 500 1552 Epist.
522 1464 549 1549 I,
572 1463 621 1548 15,
643 1464 694 1528 21.
717 1464 867 1550 quadrae
887 1465 1035 1530 Ιααααασ
1055 1466 1199 1532 iacerem

102 1563 290 1629 commendet
311 1565 439 1630 amicae.
484 1563 545 1629 Ov.
568 1563 622 1629 Tr.
644 1563 702 1649 IV,
725 1564 754 1648 6,
775 1564 827 1629 22.
856 1587 1005 1650 measque
1025 1565 1104 1631 mali
1127 1589 1198 1632 seo-

103 1685 172 1726 sam
191 1677 300 1730 costra
319 1666 451 1729 racemis
470 1664 569 1729 dabat.

101 1777 133 1830 V.
150 1780 191 1832 47.
209 1795 266 1846 sqq.
305 1780 413 1831 Cervius
430 1781 511 1831 iratus
528 1780 601 1847 leges
617 1762 794 1830 minitaturet
809 1795 910 1843 urnam,

300 1863 439 1914 Canidia
454 1863 577 1926 Albuti,
594 1864 689 1929 quibus
706 1868 746 1913 est
761 1863 875 1926 inimica,
891 1877 1061 1926 venenum,

301 1946 407 1998 Grande
423 1946 521 1996 malum
538 1947 642 2011 Turius,
659 1947 687 1997 si
704 1946 778 2012 quid
795 1962 827 1996 se
843 1946 952 1996 iudico
970 1951 1085 1997 certes.
1129 1966 1158 2020 Ἰ·

183 2061 377 2149 Interpretes
398 2063 510 2128 Adai
526 2063 642 2150 partim
664 2085 737 2127 cum
757 2062 886 2126 nomine
912 2061 1056 2144 Canidia,
1078 2061 1198 2149 partim

106 2181 179 2224 cum
200 2161 358 2228 vocabulo
380 2187 526 2229 amanam
547 2164 740 2235 consociant.
769 2162 924 2226 Neutrum
943 2170 1042 2226 recte.
1069 2160 1198 2248 Nempe

107 2258 243 2326 Canidia
270 2263 382 2327 Albuti
404 2261 492 2327 haud
518 2263 583 2329 levi
610 2262 814 2328 obscuritatis·
839 2262 917 2326 vitio
946 2261 1086 2345 laborat,
1118 2263 1199 2347 quia

104 2359 274 2426 Canidiam
296 2372 349 2426 aut
370 2385 504 2427 uxorem
525 2372 580 2427 aut
599 2362 698 2426 filiam
720 2371 774 2426 aut
795 2362 933 2426 amicam
957 2361 1069 2426 Albuti
1094 2361 1198 2426 fuisse

103 2480 202 2524 exre
223 2460 310 2525 nulla
332 2461 489 2526 clarescit.
532 2462 647 2548 Neque
668 2461 764 2545 lucet,
793 2483 851 2526 cur
871 2459 903 2525 h.
924 2459 946 2526 l.
976 2459 1115 2526 Canidia
1140 2461 1199 2526 Al·

103 2559 173 2624 dati
189 2562 355 2625 nominata
373 2562 432 2644 sit,
462 2582 559 2646 quum
580 2559 667 2626 alibi
682 2582 754 2625 eam
781 2561 934 2625 Horatius
963 2581 1091 2646 semper
1119 2560 1198 2624 sim-

101 2657 229 2745 pliciter
257 2659 426 2725 Canidiam
451 2661 693 2747 nuncupaverit.
735 2661 776 2725 V.
802 2660 909 2747 Epod.
935 2659 998 2724 ΙΠ.
1019 2659 1061 2726 V.
1083 2658 1197 2726 XVII.

104 2757 171 2824 Sat.
193 2759 221 2843 I,
242 2760 273 2824 8.
294 2759 338 2845 H,
360 2761 390 2825 8.
433 2760 504 2825 Nec
524 2762 629 2847 magis
655 2781 733 2826 vero
763 2758 1038 2847 complectendum
1067 2768 1114 2824 est
1141 2760 1199 2826 Al·

103 2858 173 2924 dati
190 2884 345 2944 semaam,
366 2882 443 2925 nam
464 2859 624 2947 quidhoc
645 2883 805 2927 venenum
828 2860 871 2926 ad
892 2858 1085 2925 Canidiam?
1128 2858 1199 2925 Cur

102 2959 233 3025 tandem
262 2960 400 3026 Canidia
424 2983 585 3025 venenum
609 2960 722 3026 Albuti
750 2961 896 3025 minitata
928 2961 1100 3045 sitneque
1126 2959 1199 3046 ipse
1229 2953 1232 2957 ’

102 3057 277 3125 Albutius?
307 3061 432 3127 Cuncta
451 3071 560 3126 tamen
580 3060 810 3147 impedimenta
829 3059 919 3124 facili
939 3060 1068 3145 negotio
1090 3080 1197 3124 remo·

103 3181 225 3243 vemas,
247 3160 276 3224 si
296 3161 407 3225 Addati
424 3162 458 3225 in
479 3161 585 3225 locum
605 3160 749 3225 vocativi
774 3160 979 3242 restituimus,
1000 3158 1107 3222 missis
1126 3159 1197 3243 qui·

106 3257 179 3323 dem
201 3259 390 3346 quisquiliis,
412 3282 491 3345 quas
514 3261 602 3324 circa
622 3258 787 3323 Albutium
815 3259 921 3324 insani
948 3256 1139 3324 scholiastae
1167 3266 1200 3324 et

15 3389 17 3396 ¹
104 3357 136 3424 b.
159 3359 181 3423 l.
192 3369 237 3424 ct
258 3359 301 3424 ad
322 3359 388 3423 Sat.
410 3359 455 3443 H,
476 3360 506 3442 2,
529 3359 579 3423 67.
602 3359 834 3424 confinxerunt.

82 3517 83 3522 ,
186 3459 227 3523 In
246 3483 278 3524 v.
300 3458 353 3522 49.
374 3459 505 3522 minoris
526 3459 696 3524 faciendae
718 3468 792 3523 sunt
812 3482 865 3524 vv.
887 3457 920 3523 ll.
942 3460 974 3524 si
992 3458 1062 3546 qais
1092 3456 1203 3522 vel
1168 3481 1198 3522 ss

104 3543 184 3646 qaid
203 3583 235 3624 se
256 3559 360 3624 radice
382 3571 475 3623 certet
497 3579 591 3644 quam
619 3560 691 3646 ipsa
717 3558 892 3623 verborum
923 3559 1091 3643 sententia.
1134 3556 1198 3622 Le·

103 3658 181 3747 pide
204 3659 289 3723 enim
309 3666 406 3747 poeta
433 3658 644 3742 demonstrat,
672 3659 738 3723 suis
766 3679 924 3744 quemque
953 3680 988 3724 se
1018 3657 1115 3723 armis
1142 3656 1198 3722 de·

104 3759 254 3842 sendere3
277 3767 417 3823 attamen
438 3778 534 3843 quam
556 3707 713 3822 concinna
733 3769 806 3823 sunt
823 3756 971 3845 exempla
991 3757 1100 3823 Cervii
1120 3758 1203 3822 irati

104 3870 137 3926 et
152 3858 310 3926 Canidiae
324 3860 478 3941 mimicae,
500 3865 566 3922 tam
580 3858 806 3922 inconcinnum
822 3867 872 3923 est
890 3858 1054 3945 specimen
1068 3857 1199 3921 tertium

101 3960 224 4048 prande
245 3960 359 4025 malam
385 3959 510 4074 Tarcbs,
535 3982 564 4023 st
560 3956 664 4044 qaid
683 3981 715 4022 se
735 3958 839 4023 iudica
861 3971 972 4041 cartas,
1000 3955 1088 4021 nulla
1108 3957 1200 4021 Turii

105 4061 219 4146 ‹pfeasi
236 4060 398 4125 mentione
425 4059 555 4123 iniecta.
604 4057 702 4139 Quae
724 4079 822 4143 quum
847 4056 932 4122 nullo
958 4067 1054 4146 pacto
1082 4056 1198 4122 abesse

103 4161 214 4248 possit,
235 4159 290 4226 fac
304 4181 433 4228 mecum
450 4159 610 4247 corrigas:
631 4181 660 4224 sa
656 4157 761 4255 qaid
779 4154 838 4224 sibi
858 4157 962 4224 iadicc
983 4170 1089 4240 σαίσσ,
1112 4155 1200 4243 quod
