2678 4642
396 219 431 268 m
452 217 642 268 scammum
661 216 791 266 nmnuu
810 217 943 266 enmuu
1172 199 1212 266 37

122 398 244 476 pentem
265 397 320 450 aut
340 384 469 450 tacitum
487 383 626 470 impellat
646 384 753 470 quouis
773 407 928 471 sermome,¹
941 382 962 447 i.
979 404 1008 447 e.
1023 381 1058 447 ire
1077 382 1214 469 quemm’s

123 508 303 568 sermonem,
325 492 360 549 ut
379 483 481 549 verba
501 484 672 570 implicare,
693 483 836 565 iam'tare,
857 482 1018 564 inuoluere,
1045 482 1212 566 includere,
1256 540 1257 543 ,

128 584 195 650 alia
217 585 406 670 saepissime
428 605 501 648 cum
522 583 664 649 ablativo
690 582 866 668 composita
892 581 1083 646 invenimus.
1126 581 1213 646 Hinc
1307 635 1311 650 -,

123 683 220 749 simul
241 683 358 768 elucet,
379 682 575 748 adiectivum
595 683 738 748 molestus
757 681 801 746 ad
814 682 1016 768 insequentia
1028 681 1212 748 necessario
1238 723 1241 729 ι

122 784 296 871 pertinere.
1179 800 1182 807 ·
1271 777 1273 783 ’

122 930 156 983 V.
173 933 214 984 69.
231 947 288 998 sqq.
632 931 738 982 Amicus
756 929 846 996 dulcis,
862 935 892 982 ut
908 945 1020 998 aequum
1036 934 1084 995 est,

323 1012 399 1064 Cum
414 1028 473 1065 mea
490 1018 641 1078 compenset
656 1015 727 1065 vitiis
743 1014 822 1079 bona,
838 1013 958 1080 pluribus
974 1013 1053 1076 hisce,

322 1096 352 1147 Si
367 1097 445 1147 modo
461 1096 538 1161 plura
553 1095 617 1146 mihi
632 1097 703 1147 bona
720 1101 787 1160 sunt,
803 1097 918 1147 inclinet.
950 1095 1055 1147 Amori

321 1179 355 1230 Si
370 1179 468 1243 volet,
485 1178 535 1228 hac
551 1178 610 1246 lege
626 1179 654 1229 in
669 1180 767 1230 trutina
783 1184 894 1245 ponetur
911 1179 1010 1231 eadem.

205 1293 313 1359 Minus
345 1294 536 1359 constructio
568 1293 739 1359 verborum
771 1297 898 1373 amicus,
920 1295 1037 1378 dumis,
1070 1318 1147 1378 cum,
1179 1307 1214 1360 ut

122 1397 255 1482 aequum
275 1407 328 1477 est,
351 1406 521 1480 compenset
541 1417 609 1459 mea
630 1394 709 1460 baua
729 1395 816 1459 cittis
837 1417 934 1481 quam
955 1394 1026 1481 ipsa
1047 1394 1213 1478 sententia,

123 1515 210 1580 qnae
232 1515 274 1558 ex
287 1492 459 1580 hypallage
474 1517 543 1559 mea
564 1506 734 1579 compenset
755 1495 841 1558 uitiis
866 1495 944 1559 bona
957 1494 1114 1580 provenit,
1135 1495 1213 1559 m'tia
1329 1483 1331 1488 ⁸

120 1595 277 1659 resarm'ctt
308 1594 385 1658 meis
416 1594 517 1676 bearis,
549 1615 645 1678 quum
676 1614 696 1657 a
722 1591 779 1657 tali
807 1593 892 1658 dicto
913 1615 1050 1678 sequens
1063 1594 1213 1680 pluribus

120 1693 207 1757 laice
227 1734 310 1744 --
330 1693 457 1757 inclinet
476 1690 684 1757 vehementer
703 1691 842 1776 abludat,
863 1713 915 1756 me
936 1701 1052 1776 movet,
1080 1701 1116 1757 ut
1144 1716 1213 1758 cum

121 1814 183 1879 pro
205 1792 442 1879 praepositione
464 1791 590 1875 ducam,
613 1792 701 1855 cuius
723 1790 811 1855 locus
833 1792 937 1855 minus
964 1791 1096 1856 usitatus
1125 1792 1212 1857 viros

123 1890 235 1956 doctos
258 1890 425 1977 decepisse
446 1889 588 1973 videtur,
616 1911 720 1974 quare.
736 1890 820 1955 haee
840 1912 1036 1978 apponamus
1063 1889 1213 1976 eaempla

122 1989 254 2055 similia:
286 1988 353 2054 Sat.
375 1990 402 2073 Ι,
425 1990 455 2073 5,
469 1990 520 2054 37.
563 1989 605 2054 Ire
631 1978 866 2055 Mamurrarum
893 1991 973 2056 lassi
999 1982 1120 2055 derude
1136 1990 1212 2055 urbe

121 2113 290 2156 marcemus.
323 2088 408 2155 Ibid.
424 2089 474 2154 51.
490 2112 567 2175 quae
581 2112 674 2174 super
688 2102 733 2153 est
751 2088 857 2155 Caudi
867 2113 1032 2176 cauponas.
1055 2089 1082 2174 Ι,
1097 2090 1126 2172 6,
1141 2089 1211 2154 114.

121 2211 171 2275 sq.
194 2213 241 2255 me
262 2188 307 2254 ad
316 2191 416 2275 porri
434 2202 463 2253 et
489 2189 598 2252 ciceris
625 2189 728 2275 refero
755 2189 922 2276 lapam'que
949 2191 1092 2254 catr'rrum
1115 2189 1143 2273 Ι,
1162 2190 1211 2274 10,

121 2289 175 2353 99.
204 2287 326 2372 (Oarm.
352 2287 414 2371 ΠΙ,
441 2288 470 2370 3,
497 2287 547 2351 37.
574 2286 636 2370 ΠΙ,
660 2287 708 2372 15,
730 2288 760 2352 5.
788 2288 850 2372 ΙΠ,
878 2289 928 2373 27,
955 2289 1006 2354 51.
1035 2310 1083 2376 sq.
1104 2288 1211 2376 Epod.

120 2387 215 2471 XVI,
236 2386 303 2471 41.)
326 2387 551 2472 discipularum
576 2387 657 2451 inter
674 2387 765 2453 iubeo
778 2389 909 2473 plorare
930 2388 1101 2454 cathedras.
1123 2388 1167 2472 H,
1182 2389 1212 2472 6,

120 2487 174 2553 34
188 2489 252 2572 per
273 2499 365 2573 caput
385 2500 414 2551 et
428 2488 521 2553 ,circa
540 2486 656 2550 saluum
675 2487 765 2551 latus.
808 2487 913 2575 Epist.
927 2486 954 2572 Ι,
969 2489 999 2571 2,
1019 2488 1048 2554 6.
1080 2488 1212 2553 Paridis

115 2598 249 2673 propter
277 2599 428 2651 narretur
459 2580 613 2651 amorem(
657 2583 719 2651 Ov.
747 2587 839 2651 Pont.
861 2587 888 2671 Ι,
915 2587 944 2670 5,
966 2587 1017 2651 39.
1066 2587 1127 2652 Nil
1151 2587 1216 2652 ae‘bi

121 2710 193 2751 cum
214 2685 330 2773 pelopi
357 2685 436 2750 dicit
457 2686 537 2772 fare
567 2687 744 2773 uaufrapua
774 2685 878 2752 uadis.
925 2685 1002 2751 Met.
1018 2685 1062 2771 II,
1082 2686 1132 2750 80.
1147 2709 1212 2774 per
1283 2675 1292 2693 ’

121 2799 221 2852 tamen
244 2775 372 2850 aduersi
386 2784 546 2872 praelieris
567 2808 682 2850 cornua
701 2786 795 2850 tauri.

204 2885 281 2950 Post
300 2885 427 2949 reclinet
446 2892 513 2949 tum
535 2905 669 2967 comma,
690 2892 758 2948 tum
781 2883 883 2969 colon,
904 2892 971 2949 tum
987 2893 1141 2972 punctum
1153 2906 1210 2972 po·

120 2985 217 3050 nitur.
258 2983 410 3048 Attamen
442 2985 547 3048 artari
574 2985 606 3048 ei
633 2983 711 3048 uolet
743 3006 816 3048 curn
845 2984 1061 3071 praecedente
1092 2986 1212 3050 amicae

122 3084 225 3150 dulciis
245 3097 307 3148 nec
328 3083 446 3148 arctius
467 3105 529 3147 nec
548 3082 653 3148 laxius
675 3081 819 3169 copulari
839 3091 952 3169 potest,
973 3092 1008 3148 ut
1020 3084 1142 3172 placuit
1161 3083 1210 3148 in-

121 3183 325 3272 terpretibus.
364 3182 418 3246 An
438 3184 571 3248 amicum
591 3182 710 3247 dulcem
731 3183 827 3247 etiam
849 3182 921 3248 odio
942 3184 1094 3270 persequi
1112 3183 1211 3249 licet?

121 3283 249 3348 Novam
272 3280 420 3368 equidem
441 3281 525 3347 hanc
543 3291 648 3347 statuo
672 3282 936 3348 enuntiationem:
963 3285 1068 3349 amari
1091 3285 1123 3348 ai
1140 3285 1211 3370 quia

121 3383 208 3466 uolet,
230 3380 497 3468 quemadmodum
512 3379 647 3467 legimus
668 3405 699 3447 v.
714 3381 764 3446 51.
777 3403 846 3468 sqq.
879 3382 924 3446 At
944 3395 989 3446 est
1009 3383 1211 3448 truculentior

122 3495 212 3568 atque
224 3481 302 3566 plus
323 3504 417 3567 aequo
438 3481 532 3546 liber:
552 3481 685 3567 simplem
696 3483 857 3568 fortisque
877 3482 1034 3548 habeatur.
1081 3481 1210 3548 Caldior

122 3594 185 3646 est:
205 3604 294 3646 ocrea
314 3580 395 3644 iuter
415 3593 599 3645 numeretur.
643 3578 710 3645 Sat.
725 3580 769 3665 H,
791 3581 823 3664 3,
847 3580 916 3646 164.
948 3581 1023 3647 Nou
1044 3594 1088 3646 est
1100 3582 1210 3667 pem'u·

121 3675 178 3745 rua
208 3703 304 3765 aeque
334 3679 499 3745 sordidus:
536 3680 670 3745 immolet
700 3681 807 3767 aequis
838 3681 888 3746 laic
918 3704 1049 3767 porcum
1079 3680 1208 3745 lamium.

128 3780 241 3846 Verum
261 3778 441 3844 ambitiosus
463 3792 491 3844 et
512 3779 636 3844 audam:
664 3781 787 3867 campet
807 3780 1001 3867 Anticyram.
1030 3779 1208 3846 clamart.

121 3879 183 3964 ΙΠ,
205 3878 236 3963 4,
259 3881 288 3943 l.
310 3878 340 3943 3.
362 3878 392 3942 5.
416 3877 445 3943 7.
469 3887 501 3943 et
520 3887 629 3944 notata
650 3878 692 3944 ad
715 3877 782 3944 Sat.
804 3879 831 3963 Ι,
852 3879 882 3962 2,
906 3878 976 3944 107.

121 4029 153 4083 V.
170 4031 211 4084 84.
229 4044 286 4096 sqq.
685 4027 807 4079 Paullum
824 4026 933 4094 deliquit
949 4027 1056 4091 amicus,

321 4111 399 4174 Quod
415 4111 467 4161 nisi
483 4109 621 4175 concedas,
637 4110 750 4162 habeare
766 4111 891 4174 insuavis,
908 4111 1059 4163 acerbus:

322 4194 409 4248 Odisti
424 4199 451 4246 et
465 4193 544 4262 fugis,
560 4199 591 4246 ut
606 4195 737 4248 Rusonem
754 4194 855 4247 debitor
871 4194 951 4258 aeris,
