2678 4642
392 235 427 283 m
449 233 639 285 summum
659 235 789 285 emaum
808 236 941 284 ramur
1173 217 1213 282 69

210 398 283 466 Neo
302 400 407 466 miuus
428 423 540 466 secure
562 400 767 467 Heindoffius
795 400 1013 488 quaestionem
1041 398 1081 464 de
1109 407 1213 466 aetate

124 498 222 565 huius
251 502 406 566 sermonis
433 499 495 566 hac
523 501 771 587 interrogatione
797 499 995 587 profligavit:
1046 499 1112 564 Wie
1129 500 1214 586 fritd

125 597 204 665 oder
238 610 309 685 quot
340 599 423 665 de'eae
453 600 633 688 Erethiunp
666 601 744 665 need
775 600 831 664 der
865 599 995 686 luatipeo
1027 596 1213 682 Gerebicbte,

124 697 235 763 welche
256 699 301 763 aie
327 722 397 764 aum
423 697 621 786 Gepenstond
645 700 712 781 det,
744 696 1044 787 at‘ederpeaclerieben
1063 698 1119 779 iat,
1151 721 1213 762 wer

124 796 240 862 kdnnte
261 796 328 862 de'ee
349 797 545 863 beateinmco?
571 797 637 862 Sed
653 798 725 884 ipsa
740 798 814 882 iam,
836 819 918 883 quae
939 805 1095 878 narratur,
1116 795 1211 860 histo-

125 896 177 961 ria
198 896 369 961 castrensis
384 896 509 982 longius
525 895 686 983 quoddam
700 897 850 983 temporis
865 897 999 983 spatium
1013 895 1213 961 interiectum

123 1014 190 1061 non
211 994 373 1080 concedit,
399 996 558 1081 siquidem
577 995 748 1061 leviculam
767 1018 850 1079 rem,
872 1017 955 1082 quae
976 994 1045 1081 plus
1066 995 1211 1060 minusve

126 1103 177 1161 ost
208 1093 365 1178 obsoleta,
397 1093 486 1160 haud
516 1095 688 1161 commode.
712 1104 932 1160 retractamus.
973 1094 1087 1179 Neque
1118 1095 1212 1159 iatam

124 1191 293 1259 historiam
313 1195 376 1259 iam
398 1195 572 1261 obsoletam
598 1194 696 1260 fuisse
719 1216 761 1258 cx
780 1217 812 1260 v.
835 1194 864 1258 3.
888 1194 1104 1279 consequitur,
1135 1194 1212 1279 quia

124 1291 253 1359 hieros
276 1293 422 1359 omnibus
443 1294 545 1360 solum
565 1294 660 1381 lippis
682 1302 713 1358 et
733 1293 911 1359 tonsoribus
933 1295 1002 1358 sive
1023 1292 1210 1379 loquacibus

125 1401 248 1459 unum
261 1391 442 1459 hominibus
458 1395 502 1478 (v.
525 1394 568 1459 ad
589 1392 697 1477 sati,
714 1397 742 1477 1,
758 1392 842 1477 120.)
863 1402 939 1458 nota
953 1393 1077 1457 dicitur.
1112 1392 1208 1457 Prae·

122 1500 215 1558 terea
234 1491 369 1558 Horatio
391 1514 433 1557 ex
451 1516 563 1580 pugna
581 1491 778 1580 Philippensi
790 1492 924 1557 Romam
941 1513 1089 1578 regresso
1110 1513 1209 1576 seque

123 1591 169 1659 ad
188 1592 301 1679 poesin
322 1585 483 1657 satiricam
507 1592 717 1658 factitandum
744 1593 926 1679 accingenti
950 1613 1063 1656 recens
1090 1612 1208 1655 memo-

122 1691 175 1756 ria
194 1689 318 1779 lepidas
331 1691 450 1778 Rupilii
462 1691 628 1778 Persiique
649 1690 721 1756 lites
743 1691 892 1756 facillime
907 1691 1077 1777 suggessit.
1109 1690 1208 1754 Porro

123 1812 222 1876 quum
253 1812 346 1855 nemo
378 1799 529 1856 nascatur
560 1791 686 1874 artifex,
717 1799 858 1854 nostrum
889 1812 1013 1876 quoque
1046 1797 1209 1853 auctorem

121 1888 300 1955 versiculos
321 1889 464 1955 Graecos
490 1913 634 1977 pangere
660 1891 777 1955 frustra
805 1883 953 1954 conatum
978 1889 1122 1975 primitus
1148 1887 1206 1955 mi-

121 1987 258 2054 nuscula
284 1997 405 2054 tantum
433 1992 610 2075 specimina
635 1991 762 2076 poetica
789 1989 971 2055 exhibuisse
997 1987 1067 2052 veri
1093 1995 1140 2052 est
1165 1987 1206 2052 si·

122 2087 298 2171 millimum,
320 2089 409 2152 cuius
430 2091 557 2174 generis
579 2090 656 2175 quin
676 2088 728 2153 hic
749 2090 790 2153 sit
807 2087 932 2154 libellus
954 2095 1048 2172 atque
1069 2108 1206 2172 sequens

123 2187 343 2270 octavusrvix
364 2186 495 2253 dubium
515 2189 650 2253 videtur.
681 2188 845 2253 Postremo
866 2187 940 2253 inde
963 2208 1098 2272 quoque,
1119 2183 1206 2271 quod

121 2295 235 2352 neutro
256 2285 364 2351 libello
384 2287 581 2353 Maecenatis
603 2289 721 2353 iniecta
735 2297 783 2353 est
796 2288 923 2371 mentio,
944 2295 1110 2371 utrumque
1132 2295 1205 2351 anta

121 2384 370 2451 familiaritatem
396 2386 673 2457 Maecenatianam
704 2388 745 2453 ab
776 2387 910 2452 Horatio
943 2384 1103 2451 conditum
1135 2405 1206 2450 esse

122 2507 187 2550 non
215 2485 333 2550 iniuria
360 2485 542 2552 concludas.
586 2487 697 2568 Quare
723 2488 892 2553 Massonus
919 2487 976 2550 vit.
998 2485 1077 2549 Hor.
1098 2506 1130 2570 p.
1153 2483 1204 2549 69.

122 2585 241 2671 aliique
262 2608 315 2650 vv.
332 2585 384 2651 dd.
400 2585 484 2651 hunc
505 2608 685 2652 sermonem
704 2609 788 2654 anno
801 2584 977 2653 DCCXIII
990 2607 1021 2650 u.
1043 2607 1070 2650 c.
1085 2605 1205 2671 magna

126 2706 198 2781 eum
218 2683 442 2772 probabilitate
465 2688 678 2774 assignarunt.

202 2783 293 2849 Belle
315 2793 421 2849 autem
441 2795 536 2872 poeta
558 2788 733 2874 composuit
746 2786 925 2873 proscripti
941 2785 1046 2872 Repeb,
1067 2782 1203 2848 lectores

123 2881 163 2947 de
185 2884 305 2948 exactis
325 2884 457 2971 regibus
478 2885 629 2951 Romanis
655 2887 880 2951 admoniturus.
924 2884 1019 2965 Quod
1043 2905 1108 2948 non
1135 2883 1202 2947 ani·

121 2982 357 3048 madvertentes
382 2984 525 3050 nonnulli
552 2986 741 3074 interpretes
768 2985 849 3050 adeo
875 2984 980 3049 mirati
1007 2991 1093 3066 sunt,
1117 2980 1203 3067 quod

121 3080 240 3170 Rupilii
260 3085 449 3170 proscriptio
470 3094 581 3150 notata
602 3087 642 3151 sit
663 3109 682 3150 a
702 3085 889 3172 proscripto.
922 3082 1074 3147 Horatius
1094 3089 1204 3146 tamen

121 3203 295 3268 numquam
321 3184 515 3270 proscriptus
540 3185 614 3269 fuit,
642 3207 717 3249 nam
741 3182 844 3249 verba
870 3181 1012 3246 Suetonii
1038 3181 1095 3246 vit.
1121 3179 1201 3244 Hor.

121 3282 164 3347 in.
191 3282 278 3346 Bello
305 3283 501 3369 Phelinpeoee'
527 3286 646 3349 caecitas
673 3307 694 3348 a
713 3285 759 3348 M.
781 3284 881 3348 Bruto
902 3284 1086 3369 imperatore
1107 3280 1202 3344 trebu-

120 3405 179 3447 oue
199 3382 330 3446 mildam
350 3385 476 3467 meruti,
497 3385 643 3470 uictisque
661 3384 806 3470 partebus
825 3385 915 3448 veneis
935 3385 1102 3469 impetrata
1126 3378 1202 3444 aori-

116 3495 207 3568 ptam
227 3485 434 3567 quaestoribus
455 3485 645 3569 comparavit
666 3483 712 3547 sic
732 3482 826 3547 modo
847 3480 1054 3567 intelligenda
1067 3485 1147 3562 aunt,
1168 3485 1203 3542 ut

120 3582 249 3647 veniam
276 3583 503 3668 impetraverit,
535 3591 690 3668 quatenus
717 3590 799 3647 totus
825 3582 917 3647 Bruti
944 3579 1117 3663 exercitus,
1149 3576 1202 3642 cui

70 3756 74 3761 ⁴
119 3688 199 3745 teste
225 3680 332 3744 Dione
360 3681 472 3747 Cassio
493 3681 630 3747 XLVII.
654 3691 733 3747 extr.
760 3683 929 3769 impunitas
955 3678 1118 3768 proposita
1144 3684 1202 3759 est,

120 3781 248 3846 veniam
268 3780 457 3867 impetravit.
499 3782 591 3846 Etsi
612 3782 723 3848 ficisset
748 3781 958 3869 proscriptus,
983 3777 1101 3864 Rupilii
1127 3795 1200 3862 pro·

121 3881 324 3967 scriptionem
351 3901 416 3945 non
441 3881 545 3945 minus
576 3883 791 3968 perstringere
822 3879 975 3968 potuisset
1005 3898 1100 3963 quam
1130 3875 1200 3961 ipsa

120 3978 224 4067 lippus
245 3980 465 4066 lippitudinem
493 3979 627 4046 aliorum
657 3980 700 4066 (v.
723 3981 753 4044 3.
776 3988 808 4044 et
828 3979 894 4044 sat.
916 3976 943 4060 I,
966 3977 993 4060 1,
1016 3973 1100 4058 120.)
1127 3995 1199 4060 per·

122 4081 261 4164 strinxit,
290 4080 439 4165 quoniam
460 4101 519 4144 sua
538 4080 616 4145 vitia
636 4101 806 4165 numquam
828 4076 945 4143 studuit
965 4073 1122 4140 occulere.
1157 4073 1198 4140 V.

121 4179 163 4247 ad
184 4180 251 4248 Sat.
273 4178 300 4263 I,
323 4180 351 4264 1,
372 4179 423 4245 95.
464 4178 528 4244 Vel
558 4178 696 4266 Augusti
727 4187 758 4244 ct
782 4176 978 4245 Maecenatis
1011 4174 1132 4240 amicus
1164 4194 1199 4239 so
